<?xml version="1.0" encoding="UTF-8"?>
<!DOCTYPE html PUBLIC "-//W3C//DTD XHTML 1.0 Transitional//EN"
    "http://www.w3.org/TR/xhtml1/DTD/xhtml1-transitional.dtd">
<html xmlns="http://www.w3.org/1999/xhtml" xml:lang="en" lang="en">
 <head>
  <title>
</title>
<meta http-equiv="Content-Type" content="text/html;charset=utf-8" />
  <meta name='ocr-system' content='tesseract 3.04.00' />
  <meta name='ocr-capabilities' content='ocr_page ocr_carea ocr_par ocr_line ocrx_word'/>
</head>
<body>
  <div class='ocr_page' id='page_1' title='image "./doctorisseraphic04bona_0694.png"; bbox 0 0 2483 3882; ppageno 0'>
   <div class='ocr_carea' id='block_1_1' title="bbox 457 235 1660 274">
    <p class='ocr_par' dir='ltr' id='par_1_1' title="bbox 457 235 1660 274">
     <span class='ocr_line' id='line_1_1' title="bbox 457 235 1660 274; baseline -0.007 0"><span class='ocrx_word' id='word_1_1' title='bbox 457 243 519 274; x_wconf 65' lang='lat'>674</span> <span class='ocrx_word' id='word_1_2' title='bbox 1214 235 1497 267; x_wconf 69' lang='lat' dir='ltr'>SENTENTIARUM</span> <span class='ocrx_word' id='word_1_3' title='bbox 1522 235 1589 266; x_wconf 82' lang='lat' dir='ltr'>Llss.</span> <span class='ocrx_word' id='word_1_4' title='bbox 1614 235 1660 266; x_wconf 91' lang='lat' dir='ltr'>IV.</span> 
     </span>
    </p>
   </div>
   <div class='ocr_carea' id='block_1_2' title="bbox 320 321 1415 2101">
    <p class='ocr_par' dir='ltr' id='par_1_2' title="bbox 454 321 1409 697">
     <span class='ocr_line' id='line_1_2' title="bbox 456 321 1406 367; baseline -0.011 -8"><span class='ocrx_word' id='word_1_5' title='bbox 456 338 513 359; x_wconf 90' lang='lat' dir='ltr'>non</span> <span class='ocrx_word' id='word_1_6' title='bbox 536 336 613 367; x_wconf 86' lang='lat' dir='ltr'>quae</span> <span class='ocrx_word' id='word_1_7' title='bbox 636 328 694 356; x_wconf 84' lang='lat' dir='ltr'>iam</span> <span class='ocrx_word' id='word_1_8' title='bbox 717 334 794 356; x_wconf 78' lang='lat' dir='ltr'>uxor</span> <span class='ocrx_word' id='word_1_9' title='bbox 817 329 896 359; x_wconf 88' lang='lat' dir='ltr'>erat,</span> <span class='ocrx_word' id='word_1_10' title='bbox 919 324 970 353; x_wconf 88' lang='lat' dir='ltr'>sed</span> <span class='ocrx_word' id='word_1_11' title='bbox 992 332 1069 362; x_wconf 88' lang='lat' dir='ltr'>quac</span> <span class='ocrx_word' id='word_1_12' title='bbox 1092 332 1107 352; x_wconf 86' lang='lat' dir='ltr'>a</span> <span class='ocrx_word' id='word_1_13' title='bbox 1131 321 1307 360; x_wconf 85' lang='lat' dir='ltr'>parentibus</span> <span class='ocrx_word' id='word_1_14' title='bbox 1330 330 1406 351; x_wconf 74' lang='lat' dir='ltr'>uxor</span> 
     </span>
     <span class='ocr_line' id='line_1_3' title="bbox 456 369 1405 407; baseline -0.009 -1"><span class='ocrx_word' id='word_1_15' title='bbox 456 377 519 406; x_wconf 78' lang='lat' dir='ltr'>lieri</span> <span class='ocrx_word' id='word_1_16' title='bbox 552 374 723 404; x_wconf 86' lang='lat' dir='ltr'>debebat».</span> <span class='ocrx_word' id='word_1_17' title='bbox 744 389 784 394; x_wconf 89' lang='lat'>—</span> <span class='ocrx_word' id='word_1_18' title='bbox 809 373 854 401; x_wconf 85' lang='lat' dir='ltr'>Ex</span> <span class='ocrx_word' id='word_1_19' title='bbox 887 372 932 400; x_wconf 84' lang='lat' dir='ltr'>liis</span> <span class='ocrx_word' id='word_1_20' title='bbox 963 371 1130 407; x_wconf 73' lang='lat' dir='ltr'><strong>colligitur,</strong></span> <span class='ocrx_word' id='word_1_21' title='bbox 1163 369 1245 407; x_wconf 87' lang='lat' dir='ltr'>quod</span> <span class='ocrx_word' id='word_1_22' title='bbox 1277 376 1405 406; x_wconf 76' lang='lat' dir='ltr'>sponsae</span> 
     </span>
     <span class='ocr_line' id='line_1_4' title="bbox 456 418 1405 461; baseline -0.008 -8"><span class='ocrx_word' id='word_1_23' title='bbox 456 423 604 461; x_wconf 86' lang='lat' dir='ltr'>quaedam</span> <span class='ocrx_word' id='word_1_24' title='bbox 637 422 781 457; x_wconf 90' lang='lat' dir='ltr'>coniuges</span> <span class='ocrx_word' id='word_1_25' title='bbox 813 423 882 452; x_wconf 85' lang='lat' dir='ltr'>sunt.</span> <span class='ocrx_word' id='word_1_26' title='bbox 911 422 979 448; x_wconf 88' lang='lat' dir='ltr'>aute</span> <span class='ocrx_word' id='word_1_27' title='bbox 1001 418 1247 447; x_wconf 74' lang='lat' dir='ltr'>commixtionem</span> <span class='ocrx_word' id='word_1_28' title='bbox 1269 424 1405 446; x_wconf 80' lang='lat' dir='ltr'>sexuum.</span> 
     </span>
     <span class='ocr_line' id='line_1_5' title="bbox 454 465 1406 505; baseline -0.007 -4"><span class='ocrx_word' id='word_1_29' title='bbox 454 488 493 494; x_wconf 94' lang='lat'>—</span> <span class='ocrx_word' id='word_1_30' title='bbox 516 471 573 501; x_wconf 81' lang='lat' dir='ltr'>Sed</span> <span class='ocrx_word' id='word_1_31' title='bbox 597 471 671 499; x_wconf 87' lang='lat' dir='ltr'>forte</span> <span class='ocrx_word' id='word_1_32' title='bbox 695 469 766 498; x_wconf 89' lang='lat' dir='ltr'>illud</span> <span class='ocrx_word' id='word_1_33' title='bbox 791 471 891 497; x_wconf 71' lang='lat' dir='ltr'>movet</span> <span class='ocrx_word' id='word_1_34' title='bbox 913 466 993 505; x_wconf 87' lang='lat' dir='ltr'>quod</span> <span class='ocrx_word' id='word_1_35' title='bbox 1018 467 1045 496; x_wconf 96' lang='lat' dir='ltr'>in</span> <span class='ocrx_word' id='word_1_36' title='bbox 1062 467 1119 496; x_wconf 80' lang='lat' dir='ltr'>tine</span> <span class='ocrx_word' id='word_1_37' title='bbox 1135 465 1259 503; x_wconf 88' lang='lat' dir='ltr'>capituli</span> <span class='ocrx_word' id='word_1_38' title='bbox 1276 466 1406 495; x_wconf 86' lang='lat' dir='ltr'>dicitur:</span> 
     </span>
     <span class='ocr_line' id='line_1_6' title="bbox 455 513 1407 557; baseline -0.006 -8"><span class='ocrx_word' id='word_1_39' title='bbox 455 521 519 549; x_wconf 73' lang='lat' dir='ltr'>Non</span> <span class='ocrx_word' id='word_1_40' title='bbox 542 527 620 557; x_wconf 85' lang='lat' dir='ltr'>quae</span> <span class='ocrx_word' id='word_1_41' title='bbox 642 519 700 547; x_wconf 87' lang='lat' dir='ltr'>iam</span> <span class='ocrx_word' id='word_1_42' title='bbox 724 525 801 546; x_wconf 84' lang='lat' dir='ltr'>uxor</span> <span class='ocrx_word' id='word_1_43' title='bbox 824 519 904 551; x_wconf 79' lang='lat' dir='ltr'>erat,</span> <span class='ocrx_word' id='word_1_44' title='bbox 927 515 980 545; x_wconf 86' lang='lat' dir='ltr'>sed</span> <span class='ocrx_word' id='word_1_45' title='bbox 1000 523 1078 553; x_wconf 85' lang='lat' dir='ltr'>quac</span> <span class='ocrx_word' id='word_1_46' title='bbox 1095 523 1171 544; x_wconf 90' lang='lat' dir='ltr'>uxor</span> <span class='ocrx_word' id='word_1_47' title='bbox 1187 514 1250 544; x_wconf 85' lang='lat' dir='ltr'>fieri</span> <span class='ocrx_word' id='word_1_48' title='bbox 1268 513 1407 543; x_wconf 86' lang='lat' dir='ltr'>debebat.</span> 
     </span>
     <span class='ocr_line' id='line_1_7' title="bbox 454 562 1408 603; baseline -0.004 -8"><span class='ocrx_word' id='word_1_49' title='bbox 454 568 539 603; x_wconf 72' lang='lat' dir='ltr'>Quod</span> <span class='ocrx_word' id='word_1_50' title='bbox 561 576 619 596; x_wconf 90' lang='lat' dir='ltr'>non</span> <span class='ocrx_word' id='word_1_51' title='bbox 644 567 682 596; x_wconf 86' lang='lat' dir='ltr'>ita</span> <span class='ocrx_word' id='word_1_52' title='bbox 705 565 795 595; x_wconf 89' lang='lat' dir='ltr'>debet</span> <span class='ocrx_word' id='word_1_53' title='bbox 818 564 958 601; x_wconf 78' lang='lat' dir='ltr'>intelligi,</span> <span class='ocrx_word' id='word_1_54' title='bbox 981 564 1067 602; x_wconf 87' lang='lat' dir='ltr'>quasi</span> <span class='ocrx_word' id='word_1_55' title='bbox 1092 571 1169 593; x_wconf 85' lang='lat' dir='ltr'>uxor</span> <span class='ocrx_word' id='word_1_56' title='bbox 1185 571 1256 592; x_wconf 92' lang='lat' dir='ltr'>vere</span> <span class='ocrx_word' id='word_1_57' title='bbox 1275 571 1332 592; x_wconf 91' lang='lat' dir='ltr'>non</span> <span class='ocrx_word' id='word_1_58' title='bbox 1349 562 1408 592; x_wconf 83' lang='lat' dir='ltr'>sue-</span> 
     </span>
     <span class='ocr_line' id='line_1_8' title="bbox 455 610 1409 652; baseline -0.006 -7"><span class='ocrx_word' id='word_1_59' title='bbox 455 616 507 650; x_wconf 85' lang='lat' dir='ltr'>rit,</span> <span class='ocrx_word' id='word_1_60' title='bbox 532 623 568 644; x_wconf 85' lang='lat' dir='ltr'>ex</span> <span class='ocrx_word' id='word_1_61' title='bbox 590 622 650 652; x_wconf 90' lang='lat' dir='ltr'>quo</span> <span class='ocrx_word' id='word_1_62' title='bbox 672 613 773 652; x_wconf 86' lang='lat' dir='ltr'>pactio</span> <span class='ocrx_word' id='word_1_63' title='bbox 795 612 962 649; x_wconf 79' lang='lat' dir='ltr'>coniugalis</span> <span class='ocrx_word' id='word_1_64' title='bbox 979 611 1167 646; x_wconf 64' lang='lat' dir='ltr'>intercessit,</span> <span class='ocrx_word' id='word_1_65' title='bbox 1183 610 1236 640; x_wconf 89' lang='lat' dir='ltr'>sed</span> <span class='ocrx_word' id='word_1_66' title='bbox 1252 611 1323 649; x_wconf 87' lang='lat' dir='ltr'>quia</span> <span class='ocrx_word' id='word_1_67' title='bbox 1340 618 1409 639; x_wconf 89' lang='lat' dir='ltr'>non-</span> 
     </span>
     <span class='ocr_line' id='line_1_9' title="bbox 454 659 1409 697; baseline -0.006 -4"><span class='ocrx_word' id='word_1_68' title='bbox 454 664 525 693; x_wconf 90' lang='lat' dir='ltr'>dum</span> <span class='ocrx_word' id='word_1_69' title='bbox 549 662 686 692; x_wconf 86' lang='lat' dir='ltr'>traducta</span> <span class='ocrx_word' id='word_1_70' title='bbox 708 662 820 697; x_wconf 79' lang='lat' dir='ltr'>fuerat,</span> <span class='ocrx_word' id='word_1_71' title='bbox 845 669 899 690; x_wconf 88' lang='lat' dir='ltr'>nec</span> <span class='ocrx_word' id='word_1_72' title='bbox 922 668 970 690; x_wconf 89' lang='lat' dir='ltr'>res</span> <span class='ocrx_word' id='word_1_73' title='bbox 993 660 1098 689; x_wconf 84' lang='lat' dir='ltr'>uxoria</span> <span class='ocrx_word' id='word_1_74' title='bbox 1116 659 1336 693; x_wconf 84' lang='lat' dir='ltr'>intercesserat,</span> <span class='ocrx_word' id='word_1_75' title='bbox 1351 659 1409 688; x_wconf 89' lang='lat' dir='ltr'>sci-</span> 
     </span>
    </p>

    <p class='ocr_par' dir='ltr' id='par_1_3' title="bbox 320 708 1415 2101">
     <span class='ocr_line' id='line_1_10' title="bbox 454 708 925 746; baseline -0.004 -6"><span class='ocrx_word' id='word_1_76' title='bbox 454 712 524 740; x_wconf 85' lang='lat' dir='ltr'>licet</span> <span class='ocrx_word' id='word_1_77' title='bbox 545 710 724 740; x_wconf 76' lang='lat' dir='ltr'>concubitus</span> <span class='ocrx_word' id='word_1_78' title='bbox 747 708 925 746; x_wconf 86' lang='lat' dir='ltr'>coniugalis.</span> 
     </span>
     <span class='ocr_line' id='line_1_11' title="bbox 534 755 1408 796; baseline -0.006 -7"><span class='ocrx_word' id='word_1_79' title='bbox 534 758 688 789; x_wconf 79' lang='lat' dir='ltr'>Vocatur¹</span> <span class='ocrx_word' id='word_1_80' title='bbox 714 758 802 787; x_wconf 90' lang='lat' dir='ltr'>etiam</span> <span class='ocrx_word' id='word_1_81' title='bbox 825 766 949 796; x_wconf 74' lang='lat' dir='ltr'>sponsa,</span> <span class='ocrx_word' id='word_1_82' title='bbox 973 764 1052 794; x_wconf 85' lang='lat' dir='ltr'>quae</span> <span class='ocrx_word' id='word_1_83' title='bbox 1073 756 1118 786; x_wconf 85' lang='lat' dir='ltr'>sic</span> <span class='ocrx_word' id='word_1_84' title='bbox 1141 756 1204 785; x_wconf 89' lang='lat' dir='ltr'>viro</span> <span class='ocrx_word' id='word_1_85' title='bbox 1227 755 1408 794; x_wconf 76' lang='lat' dir='ltr'>desponsata</span> 
     </span>
     <span class='ocr_line' id='line_1_12' title="bbox 326 802 1409 843; baseline -0.005 -6"><span class='ocrx_word' id='word_1_86' title='bbox 326 822 404 842; x_wconf 68' lang='lat' dir='ltr'>sensus</span> <span class='ocrx_word' id='word_1_87' title='bbox 418 821 438 841; x_wconf 53' lang='grc' dir='ltr'>ᾗ,</span> <span class='ocrx_word' id='word_1_88' title='bbox 455 811 514 843; x_wconf 88' lang='lat' dir='ltr'>est,</span> <span class='ocrx_word' id='word_1_89' title='bbox 537 810 570 837; x_wconf 92' lang='lat' dir='ltr'>ut</span> <span class='ocrx_word' id='word_1_90' title='bbox 592 815 649 836; x_wconf 90' lang='lat' dir='ltr'>non</span> <span class='ocrx_word' id='word_1_91' title='bbox 681 805 885 835; x_wconf 66' lang='lat' dir='ltr'>intercesserit</span> <span class='ocrx_word' id='word_1_92' title='bbox 915 813 1077 834; x_wconf 74' lang='lat' dir='ltr'>consensus</span> <span class='ocrx_word' id='word_1_93' title='bbox 1099 803 1135 833; x_wconf 82' lang='lat' dir='ltr'>cle</span> <span class='ocrx_word' id='word_1_94' title='bbox 1152 802 1327 843; x_wconf 73' lang='lat' dir='ltr'>praesenti,</span> <span class='ocrx_word' id='word_1_95' title='bbox 1356 802 1409 833; x_wconf 90' lang='lat' dir='ltr'>sed</span> 
     </span>
     <span class='ocr_line' id='line_1_13' title="bbox 453 852 1410 894; baseline -0.005 -9"><span class='ocrx_word' id='word_1_96' title='bbox 453 854 575 894; x_wconf 71' lang='lat' dir='ltr'>sponsio</span> <span class='ocrx_word' id='word_1_97' title='bbox 596 853 705 894; x_wconf 63' lang='lat' dir='ltr'>sitini-i.</span> <span class='ocrx_word' id='word_1_98' title='bbox 729 853 901 883; x_wconf 86' lang='lat' dir='ltr'>Secundum</span> <span class='ocrx_word' id='word_1_99' title='bbox 919 861 1008 891; x_wconf 90' lang='lat' dir='ltr'>quem</span> <span class='ocrx_word' id='word_1_100' title='bbox 1026 852 1148 882; x_wconf 90' lang='lat' dir='ltr'>modum</span> <span class='ocrx_word' id='word_1_101' title='bbox 1166 852 1238 882; x_wconf 86' lang='lat' dir='ltr'>illud</span> <span class='ocrx_word' id='word_1_102' title='bbox 1254 852 1410 881; x_wconf 85' lang='lat' dir='ltr'>decretum</span> 
     </span>
     <span class='ocr_line' id='line_1_14' title="bbox 358 901 1410 941; baseline -0.004 -8"><span class='ocrx_word' id='word_1_103' title='bbox 358 910 438 931; x_wconf 77' lang='lat' dir='ltr'>Canon.</span> <span class='ocrx_word' id='word_1_104' title='bbox 454 903 648 941; x_wconf 78' lang='lat' dir='ltr'>intelligitur:</span> <span class='ocrx_word' id='word_1_105' title='bbox 676 915 687 928; x_wconf 89' lang='lat'>«</span> <span class='ocrx_word' id='word_1_106' title='bbox 703 902 732 932; x_wconf 86' lang='lat' dir='ltr'>Si</span> <span class='ocrx_word' id='word_1_107' title='bbox 755 903 824 940; x_wconf 88' lang='lat' dir='ltr'>quis</span> <span class='ocrx_word' id='word_1_108' title='bbox 847 910 989 940; x_wconf 89' lang='lat' dir='ltr'>sponsam</span> <span class='ocrx_word' id='word_1_109' title='bbox 1012 901 1063 931; x_wconf 87' lang='lat' dir='ltr'>filii</span> <span class='ocrx_word' id='word_1_110' title='bbox 1081 901 1283 940; x_wconf 79' lang='lat' dir='ltr'>oppresserit,</span> <span class='ocrx_word' id='word_1_111' title='bbox 1299 904 1325 930; x_wconf 87' lang='lat' dir='ltr'>et</span> <span class='ocrx_word' id='word_1_112' title='bbox 1344 903 1410 937; x_wconf 87' lang='lat' dir='ltr'>post</span> 
     </span>
     <span class='ocr_line' id='line_1_15' title="bbox 455 949 1411 989; baseline -0.004 -8"><span class='ocrx_word' id='word_1_113' title='bbox 455 952 534 981; x_wconf 86' lang='lat' dir='ltr'>filius</span> <span class='ocrx_word' id='word_1_114' title='bbox 557 951 622 981; x_wconf 86' lang='lat' dir='ltr'>eius</span> <span class='ocrx_word' id='word_1_115' title='bbox 645 959 710 980; x_wconf 82' lang='lat' dir='ltr'>eam</span> <span class='ocrx_word' id='word_1_116' title='bbox 734 951 874 987; x_wconf 76' lang='lat' dir='ltr'>duxerit3</span> <span class='ocrx_word' id='word_1_117' title='bbox 897 954 983 989; x_wconf 88' lang='lat' dir='ltr'>pater</span> <span class='ocrx_word' id='word_1_118' title='bbox 1004 954 1108 988; x_wconf 87' lang='lat' dir='ltr'>postea</span> <span class='ocrx_word' id='word_1_119' title='bbox 1131 958 1189 979; x_wconf 89' lang='lat' dir='ltr'>non</span> <span class='ocrx_word' id='word_1_120' title='bbox 1211 949 1320 978; x_wconf 86' lang='lat' dir='ltr'>babeat</span> <span class='ocrx_word' id='word_1_121' title='bbox 1339 956 1411 978; x_wconf 71' lang='lat' dir='ltr'>uxo-</span> 
     </span>
     <span class='ocr_line' id='line_1_16' title="bbox 455 997 1411 1036; baseline -0.004 -7"><span class='ocrx_word' id='word_1_122' title='bbox 455 1008 534 1035; x_wconf 83' lang='lat' dir='ltr'>rem,</span> <span class='ocrx_word' id='word_1_123' title='bbox 558 1008 613 1029; x_wconf 90' lang='lat' dir='ltr'>nec</span> <span class='ocrx_word' id='word_1_124' title='bbox 635 999 744 1028; x_wconf 87' lang='lat' dir='ltr'>mulier</span> <span class='ocrx_word' id='word_1_125' title='bbox 766 999 885 1033; x_wconf 89' lang='lat' dir='ltr'>virum;</span> <span class='ocrx_word' id='word_1_126' title='bbox 910 998 1005 1033; x_wconf 85' lang='lat' dir='ltr'>filius,</span> <span class='ocrx_word' id='word_1_127' title='bbox 1021 999 1073 1036; x_wconf 88' lang='lat' dir='ltr'>qui</span> <span class='ocrx_word' id='word_1_128' title='bbox 1090 998 1184 1036; x_wconf 87' lang='lat' dir='ltr'>patris</span> <span class='ocrx_word' id='word_1_129' title='bbox 1200 997 1316 1027; x_wconf 82' lang='lat' dir='ltr'>facinus</span> <span class='ocrx_word' id='word_1_130' title='bbox 1333 997 1411 1035; x_wconf 89' lang='lat' dir='ltr'>igno-</span> 
     </span>
     <span class='ocr_line' id='line_1_17' title="bbox 456 1045 1412 1084; baseline -0.004 -6"><span class='ocrx_word' id='word_1_131' title='bbox 456 1048 549 1084; x_wconf 86' lang='lat' dir='ltr'>ravit,</span> <span class='ocrx_word' id='word_1_132' title='bbox 572 1048 662 1078; x_wconf 89' lang='lat' dir='ltr'>aliam</span> <span class='ocrx_word' id='word_1_133' title='bbox 691 1047 825 1077; x_wconf 85' lang='lat' dir='ltr'>ducat».</span> <span class='ocrx_word' id='word_1_134' title='bbox 849 1047 878 1077; x_wconf 85' lang='lat' dir='ltr'>Si</span> <span class='ocrx_word' id='word_1_135' title='bbox 902 1046 1014 1076; x_wconf 59' lang='lat' dir='ltr'>coniuge</span> <span class='ocrx_word' id='word_1_136' title='bbox 1037 1046 1086 1076; x_wconf 92' lang='lat' dir='ltr'>illa</span> <span class='ocrx_word' id='word_1_137' title='bbox 1111 1046 1230 1081; x_wconf 80' lang='lat' dir='ltr'>suisset,</span> <span class='ocrx_word' id='word_1_138' title='bbox 1253 1045 1334 1083; x_wconf 86' lang='lat' dir='ltr'>qnod</span> <span class='ocrx_word' id='word_1_139' title='bbox 1358 1045 1412 1074; x_wconf 93' lang='lat' dir='ltr'>uti-</span> 
     </span>
     <span class='ocr_line' id='line_1_18' title="bbox 456 1093 1412 1135; baseline -0.004 -9"><span class='ocrx_word' id='word_1_140' title='bbox 456 1105 515 1135; x_wconf 90' lang='lat' dir='ltr'>que</span> <span class='ocrx_word' id='word_1_141' title='bbox 538 1097 628 1131; x_wconf 78' lang='lat' dir='ltr'>soret,</span> <span class='ocrx_word' id='word_1_142' title='bbox 651 1096 675 1125; x_wconf 92' lang='lat' dir='ltr'>si</span> <span class='ocrx_word' id='word_1_143' title='bbox 699 1096 728 1125; x_wconf 93' lang='lat' dir='ltr'>in</span> <span class='ocrx_word' id='word_1_144' title='bbox 751 1095 943 1134; x_wconf 83' lang='lat' dir='ltr'>sponsalibus</span> <span class='ocrx_word' id='word_1_145' title='bbox 960 1095 1060 1133; x_wconf 86' lang='lat' dir='ltr'>pactio</span> <span class='ocrx_word' id='word_1_146' title='bbox 1082 1093 1249 1132; x_wconf 87' lang='lat' dir='ltr'>coniugalis</span> <span class='ocrx_word' id='word_1_147' title='bbox 1272 1094 1412 1123; x_wconf 86' lang='lat' dir='ltr'>interces-</span> 
     </span>
     <span class='ocr_line' id='line_1_19' title="bbox 455 1141 1412 1182; baseline -0.004 -8"><span class='ocrx_word' id='word_1_148' title='bbox 455 1146 558 1179; x_wconf 87' lang='lat' dir='ltr'>sisset,</span> <span class='ocrx_word' id='word_1_149' title='bbox 580 1153 638 1174; x_wconf 88' lang='lat' dir='ltr'>non</span> <span class='ocrx_word' id='word_1_150' title='bbox 662 1144 889 1182; x_wconf 77' lang='lat' dir='ltr'>permitteretur</span> <span class='ocrx_word' id='word_1_151' title='bbox 905 1151 1016 1182; x_wconf 89' lang='lat' dir='ltr'>sponso</span> <span class='ocrx_word' id='word_1_152' title='bbox 1033 1143 1122 1172; x_wconf 87' lang='lat' dir='ltr'>aliam</span> <span class='ocrx_word' id='word_1_153' title='bbox 1139 1142 1262 1172; x_wconf 87' lang='lat' dir='ltr'>ducere.</span> <span class='ocrx_word' id='word_1_154' title='bbox 1278 1141 1412 1171; x_wconf 81' lang='lat' dir='ltr'>Moecliis</span> 
     </span>
     <span class='ocr_line' id='line_1_20' title="bbox 456 1189 1411 1231; baseline -0.005 -8"><span class='ocrx_word' id='word_1_155' title='bbox 456 1197 556 1223; x_wconf 87' lang='lat' dir='ltr'>autem</span> <span class='ocrx_word' id='word_1_156' title='bbox 579 1201 675 1231; x_wconf 83' lang='lat' dir='ltr'>poena</span> <span class='ocrx_word' id='word_1_157' title='bbox 704 1200 760 1222; x_wconf 91' lang='lat' dir='ltr'>non</span> <span class='ocrx_word' id='word_1_158' title='bbox 783 1192 916 1222; x_wconf 89' lang='lat' dir='ltr'>nubendi</span> <span class='ocrx_word' id='word_1_159' title='bbox 941 1200 977 1221; x_wconf 79' lang='lat' dir='ltr'>ex</span> <span class='ocrx_word' id='word_1_160' title='bbox 1000 1192 1100 1228; x_wconf 87' lang='lat' dir='ltr'>rigore</span> <span class='ocrx_word' id='word_1_161' title='bbox 1123 1190 1283 1227; x_wconf 81' lang='lat' dir='ltr'>infligitur,</span> <span class='ocrx_word' id='word_1_162' title='bbox 1307 1194 1339 1219; x_wconf 88' lang='lat' dir='ltr'>ut</span> <span class='ocrx_word' id='word_1_163' title='bbox 1360 1189 1411 1219; x_wconf 87' lang='lat' dir='ltr'>alii</span> 
     </span>
     <span class='ocr_line' id='line_1_21' title="bbox 358 1239 1413 1277; baseline -0.004 -5"><span class='ocrx_word' id='word_1_164' title='bbox 358 1251 439 1272; x_wconf 73' lang='lat' dir='ltr'>Canon.</span> <span class='ocrx_word' id='word_1_165' title='bbox 456 1246 634 1272; x_wconf 88' lang='lat' dir='ltr'>terreantur.</span> <span class='ocrx_word' id='word_1_166' title='bbox 647 1242 718 1271; x_wconf 86' lang='lat' dir='ltr'>Item</span> <span class='ocrx_word' id='word_1_167' title='bbox 735 1249 772 1270; x_wconf 82' lang='lat' dir='ltr'>ex</span> <span class='ocrx_word' id='word_1_168' title='bbox 788 1241 894 1270; x_wconf 90' lang='lat' dir='ltr'>eodem</span> <span class='ocrx_word' id='word_1_169' title='bbox 907 1240 917 1254; x_wconf 77' lang='lat'>2</span> <span class='ocrx_word' id='word_1_170' title='bbox 931 1250 938 1269; x_wconf 74' lang='grc' dir='ltr'><strong><em>ε</em></strong></span> <span class='ocrx_word' id='word_1_171' title='bbox 960 1253 971 1266; x_wconf 86' lang='grc'>«</span> <span class='ocrx_word' id='word_1_172' title='bbox 987 1240 1114 1275; x_wconf 79' lang='lat' dir='ltr'>Quidam</span> <span class='ocrx_word' id='word_1_173' title='bbox 1130 1239 1326 1277; x_wconf 82' lang='lat' dir='ltr'>desponsavit</span> <span class='ocrx_word' id='word_1_174' title='bbox 1342 1247 1413 1268; x_wconf 79' lang='lat' dir='ltr'>uxo-</span> 
     </span>
     <span class='ocr_line' id='line_1_22' title="bbox 456 1288 1411 1326; baseline -0.004 -6"><span class='ocrx_word' id='word_1_175' title='bbox 456 1299 518 1320; x_wconf 91' lang='lat' dir='ltr'>rem</span> <span class='ocrx_word' id='word_1_176' title='bbox 540 1294 569 1320; x_wconf 87' lang='lat' dir='ltr'>et</span> <span class='ocrx_word' id='word_1_177' title='bbox 602 1290 717 1320; x_wconf 90' lang='lat' dir='ltr'>dotavit</span> <span class='ocrx_word' id='word_1_178' title='bbox 746 1293 775 1319; x_wconf 89' lang='lat' dir='ltr'>et</span> <span class='ocrx_word' id='word_1_179' title='bbox 807 1297 876 1318; x_wconf 88' lang='lat' dir='ltr'>cum</span> <span class='ocrx_word' id='word_1_180' title='bbox 910 1297 945 1318; x_wconf 86' lang='lat' dir='ltr'>ea</span> <span class='ocrx_word' id='word_1_181' title='bbox 978 1289 1060 1318; x_wconf 90' lang='lat' dir='ltr'>coire</span> <span class='ocrx_word' id='word_1_182' title='bbox 1093 1296 1150 1317; x_wconf 89' lang='lat' dir='ltr'>non</span> <span class='ocrx_word' id='word_1_183' title='bbox 1184 1288 1298 1326; x_wconf 88' lang='lat' dir='ltr'>potuit,</span> <span class='ocrx_word' id='word_1_184' title='bbox 1320 1295 1411 1326; x_wconf 88' lang='lat' dir='ltr'>quam</span> 
     </span>
     <span class='ocr_line' id='line_1_23' title="bbox 455 1335 1413 1375; baseline -0.004 -7"><span class='ocrx_word' id='word_1_185' title='bbox 455 1338 593 1368; x_wconf 84' lang='lat' dir='ltr'>clanculo</span> <span class='ocrx_word' id='word_1_186' title='bbox 615 1338 706 1368; x_wconf 81' lang='lat' dir='ltr'>frater</span> <span class='ocrx_word' id='word_1_187' title='bbox 730 1338 794 1367; x_wconf 88' lang='lat' dir='ltr'>eius</span> <span class='ocrx_word' id='word_1_188' title='bbox 816 1337 953 1375; x_wconf 89' lang='lat' dir='ltr'>corrupit</span> <span class='ocrx_word' id='word_1_189' title='bbox 975 1340 1003 1366; x_wconf 89' lang='lat' dir='ltr'>et</span> <span class='ocrx_word' id='word_1_190' title='bbox 1025 1336 1181 1373; x_wconf 84' lang='lat' dir='ltr'>gravidam</span> <span class='ocrx_word' id='word_1_191' title='bbox 1197 1335 1344 1371; x_wconf 86' lang='lat' dir='ltr'>reddidit;</span> <span class='ocrx_word' id='word_1_192' title='bbox 1365 1335 1413 1365; x_wconf 91' lang='lat' dir='ltr'>de-</span> 
     </span>
     <span class='ocr_line' id='line_1_24' title="bbox 455 1384 1413 1425; baseline -0.004 -8"><span class='ocrx_word' id='word_1_193' title='bbox 455 1391 570 1417; x_wconf 90' lang='lat' dir='ltr'>cretum</span> <span class='ocrx_word' id='word_1_194' title='bbox 604 1391 664 1423; x_wconf 88' lang='lat' dir='ltr'>est,</span> <span class='ocrx_word' id='word_1_195' title='bbox 697 1390 744 1423; x_wconf 75' lang='lat' dir='ltr'>ut,</span> <span class='ocrx_word' id='word_1_196' title='bbox 771 1386 911 1425; x_wconf 89' lang='lat' dir='ltr'>quamvis</span> <span class='ocrx_word' id='word_1_197' title='bbox 934 1389 1027 1423; x_wconf 87' lang='lat' dir='ltr'>nupta</span> <span class='ocrx_word' id='word_1_198' title='bbox 1051 1393 1108 1414; x_wconf 91' lang='lat' dir='ltr'>non</span> <span class='ocrx_word' id='word_1_199' title='bbox 1132 1385 1266 1423; x_wconf 88' lang='lat' dir='ltr'>potuerit</span> <span class='ocrx_word' id='word_1_200' title='bbox 1289 1393 1353 1414; x_wconf 90' lang='lat' dir='ltr'>esse</span> <span class='ocrx_word' id='word_1_201' title='bbox 1376 1384 1413 1414; x_wconf 89' lang='lat' dir='ltr'>le-</span> 
     </span>
     <span class='ocr_line' id='line_1_25' title="bbox 455 1432 1413 1473; baseline -0.003 -9"><span class='ocrx_word' id='word_1_202' title='bbox 455 1436 559 1472; x_wconf 85' lang='lat' dir='ltr'>gitimo</span> <span class='ocrx_word' id='word_1_203' title='bbox 591 1435 673 1471; x_wconf 88' lang='lat' dir='ltr'>viro,</span> <span class='ocrx_word' id='word_1_204' title='bbox 696 1435 910 1473; x_wconf 88' lang='lat' dir='ltr'>desponsatam</span> <span class='ocrx_word' id='word_1_205' title='bbox 934 1437 1033 1463; x_wconf 88' lang='lat' dir='ltr'>tamen</span> <span class='ocrx_word' id='word_1_206' title='bbox 1066 1433 1149 1462; x_wconf 78' lang='lat' dir='ltr'>fratri</span> <span class='ocrx_word' id='word_1_207' title='bbox 1178 1433 1271 1462; x_wconf 82' lang='lat' dir='ltr'>irater</span> <span class='ocrx_word' id='word_1_208' title='bbox 1299 1432 1413 1462; x_wconf 85' lang='lat' dir='ltr'>babere</span> 
     </span>
     <span class='ocr_line' id='line_1_26' title="bbox 456 1481 1414 1522; baseline -0.004 -8"><span class='ocrx_word' id='word_1_209' title='bbox 456 1493 512 1514; x_wconf 93' lang='lat' dir='ltr'>non</span> <span class='ocrx_word' id='word_1_210' title='bbox 536 1484 649 1522; x_wconf 81' lang='lat' dir='ltr'>possit3</span> <span class='ocrx_word' id='word_1_211' title='bbox 673 1483 727 1513; x_wconf 89' lang='lat' dir='ltr'>sed</span> <span class='ocrx_word' id='word_1_212' title='bbox 749 1483 895 1513; x_wconf 87' lang='lat' dir='ltr'>moechus</span> <span class='ocrx_word' id='word_1_213' title='bbox 917 1486 946 1512; x_wconf 89' lang='lat' dir='ltr'>et</span> <span class='ocrx_word' id='word_1_214' title='bbox 968 1484 1094 1512; x_wconf 78' lang='lat' dir='ltr'>moecha</span> <span class='ocrx_word' id='word_1_215' title='bbox 1117 1481 1324 1511; x_wconf 78' lang='lat' dir='ltr'>fornicationis</span> <span class='ocrx_word' id='word_1_216' title='bbox 1351 1481 1414 1519; x_wconf 89' lang='lat' dir='ltr'>qui-</span> 
     </span>
     <span class='ocr_line' id='line_1_27' title="bbox 455 1530 1412 1568; baseline -0.003 -6"><span class='ocrx_word' id='word_1_217' title='bbox 455 1533 523 1562; x_wconf 88' lang='lat' dir='ltr'>dem</span> <span class='ocrx_word' id='word_1_218' title='bbox 547 1532 710 1562; x_wconf 86' lang='lat' dir='ltr'>vindictam</span> <span class='ocrx_word' id='word_1_219' title='bbox 734 1532 917 1567; x_wconf 74' lang='lat' dir='ltr'>sust-ineant,</span> <span class='ocrx_word' id='word_1_220' title='bbox 941 1531 1022 1561; x_wconf 89' lang='lat' dir='ltr'>licita</span> <span class='ocrx_word' id='word_1_221' title='bbox 1045 1539 1117 1560; x_wconf 85' lang='lat' dir='ltr'>vero</span> <span class='ocrx_word' id='word_1_222' title='bbox 1140 1531 1183 1560; x_wconf 85' lang='lat' dir='ltr'>eis</span> <span class='ocrx_word' id='word_1_223' title='bbox 1199 1530 1337 1568; x_wconf 78' lang='lat' dir='ltr'>coniugia</span> <span class='ocrx_word' id='word_1_224' title='bbox 1354 1538 1412 1559; x_wconf 90' lang='lat' dir='ltr'>nou</span> 
     </span>
     <span class='ocr_line' id='line_1_28' title="bbox 456 1579 1412 1619; baseline -0.003 -9"><span class='ocrx_word' id='word_1_225' title='bbox 456 1584 643 1619; x_wconf 87' lang='lat' dir='ltr'>negentur».</span> <span class='ocrx_word' id='word_1_226' title='bbox 673 1581 716 1610; x_wconf 90' lang='lat' dir='ltr'>De</span> <span class='ocrx_word' id='word_1_227' title='bbox 748 1580 798 1610; x_wconf 87' lang='lat' dir='ltr'>illa</span> <span class='ocrx_word' id='word_1_228' title='bbox 821 1580 1054 1619; x_wconf 84' lang='lat' dir='ltr'>desponsatione</span> <span class='ocrx_word' id='word_1_229' title='bbox 1078 1579 1136 1609; x_wconf 88' lang='lat' dir='ltr'>boc</span> <span class='ocrx_word' id='word_1_230' title='bbox 1158 1579 1282 1615; x_wconf 72' lang='lat' dir='ltr'>intelligi</span> <span class='ocrx_word' id='word_1_231' title='bbox 1307 1579 1412 1615; x_wconf 84' lang='lat' dir='ltr'>debet,</span> 
     </span>
     <span class='ocr_line' id='line_1_29' title="bbox 458 1627 1413 1665; baseline -0.002 -7"><span class='ocrx_word' id='word_1_232' title='bbox 458 1629 507 1659; x_wconf 92' lang='lat' dir='ltr'>ubi</span> <span class='ocrx_word' id='word_1_233' title='bbox 532 1637 590 1659; x_wconf 91' lang='lat' dir='ltr'>non</span> <span class='ocrx_word' id='word_1_234' title='bbox 612 1629 667 1658; x_wconf 90' lang='lat' dir='ltr'>suit</span> <span class='ocrx_word' id='word_1_235' title='bbox 698 1637 864 1658; x_wconf 88' lang='lat' dir='ltr'>consensus</span> <span class='ocrx_word' id='word_1_236' title='bbox 886 1627 1054 1665; x_wconf 87' lang='lat' dir='ltr'>coniugalis</span> <span class='ocrx_word' id='word_1_237' title='bbox 1076 1627 1114 1657; x_wconf 88' lang='lat' dir='ltr'>de</span> <span class='ocrx_word' id='word_1_238' title='bbox 1142 1627 1311 1665; x_wconf 79' lang='lat' dir='ltr'>praesenti,</span> <span class='ocrx_word' id='word_1_239' title='bbox 1341 1627 1413 1656; x_wconf 85' lang='lat' dir='ltr'>alio-</span> 
     </span>
     <span class='ocr_line' id='line_1_30' title="bbox 457 1675 1412 1716; baseline -0.003 -9"><span class='ocrx_word' id='word_1_240' title='bbox 457 1678 529 1716; x_wconf 90' lang='lat' dir='ltr'>quin</span> <span class='ocrx_word' id='word_1_241' title='bbox 552 1686 610 1708; x_wconf 90' lang='lat' dir='ltr'>non</span> <span class='ocrx_word' id='word_1_242' title='bbox 632 1677 737 1707; x_wconf 88' lang='lat' dir='ltr'>liceret</span> <span class='ocrx_word' id='word_1_243' title='bbox 760 1677 802 1706; x_wconf 91' lang='lat' dir='ltr'>eis</span> <span class='ocrx_word' id='word_1_244' title='bbox 831 1677 906 1707; x_wconf 86' lang='lat' dir='ltr'>alias</span> <span class='ocrx_word' id='word_1_245' title='bbox 936 1677 1035 1706; x_wconf 85' lang='lat' dir='ltr'>sortiri</span> <span class='ocrx_word' id='word_1_246' title='bbox 1066 1676 1215 1713; x_wconf 80' lang='lat' dir='ltr'>coniugia.</span> <span class='ocrx_word' id='word_1_247' title='bbox 1239 1675 1412 1705; x_wconf 84' lang='lat' dir='ltr'>Secundum</span> 
     </span>
     <span class='ocr_line' id='line_1_31' title="bbox 360 1724 1413 1762; baseline -0.003 -6"><span class='ocrx_word' id='word_1_248' title='bbox 360 1739 442 1760; x_wconf 68' lang='lat' dir='ltr'>Canon,</span> <span class='ocrx_word' id='word_1_249' title='bbox 458 1726 516 1756; x_wconf 83' lang='lat' dir='ltr'>iioc</span> <span class='ocrx_word' id='word_1_250' title='bbox 539 1726 629 1756; x_wconf 90' lang='lat' dir='ltr'>etiam</span> <span class='ocrx_word' id='word_1_251' title='bbox 653 1725 726 1755; x_wconf 90' lang='lat' dir='ltr'>illud</span> <span class='ocrx_word' id='word_1_252' title='bbox 749 1725 874 1762; x_wconf 77' lang='lat' dir='ltr'>intelligi</span> <span class='ocrx_word' id='word_1_253' title='bbox 897 1725 1002 1754; x_wconf 88' lang='lat' dir='ltr'>debet:</span> <span class='ocrx_word' id='word_1_254' title='bbox 1031 1737 1042 1750; x_wconf 88' lang='lat'>«</span> <span class='ocrx_word' id='word_1_255' title='bbox 1059 1724 1209 1754; x_wconf 83' lang='lat' dir='ltr'>Statutum</span> <span class='ocrx_word' id='word_1_256' title='bbox 1232 1727 1276 1753; x_wconf 83' lang='lat' dir='ltr'>est</span> <span class='ocrx_word' id='word_1_257' title='bbox 1294 1732 1309 1753; x_wconf 92' lang='lat' dir='ltr'>a</span> <span class='ocrx_word' id='word_1_258' title='bbox 1326 1732 1413 1753; x_wconf 87' lang='lat' dir='ltr'>sacro</span> 
     </span>
     <span class='ocr_line' id='line_1_32' title="bbox 457 1773 1414 1812; baseline -0.003 -8"><span class='ocrx_word' id='word_1_259' title='bbox 457 1778 624 1809; x_wconf 85' lang='lat' dir='ltr'>conventu,</span> <span class='ocrx_word' id='word_1_260' title='bbox 649 1778 695 1809; x_wconf 90' lang='lat' dir='ltr'>ut,</span> <span class='ocrx_word' id='word_1_261' title='bbox 728 1774 752 1803; x_wconf 93' lang='lat' dir='ltr'>si</span> <span class='ocrx_word' id='word_1_262' title='bbox 776 1774 844 1812; x_wconf 87' lang='lat' dir='ltr'>quis</span> <span class='ocrx_word' id='word_1_263' title='bbox 866 1781 1008 1812; x_wconf 83' lang='lat' dir='ltr'>sponsam</span> <span class='ocrx_word' id='word_1_264' title='bbox 1031 1773 1156 1802; x_wconf 85' lang='lat' dir='ltr'>alterius</span> <span class='ocrx_word' id='word_1_265' title='bbox 1179 1773 1330 1811; x_wconf 74' lang='lat' dir='ltr'>rapuerit,</span> <span class='ocrx_word' id='word_1_266' title='bbox 1362 1781 1414 1810; x_wconf 91' lang='lat' dir='ltr'>pu-</span> 
     </span>
     <span class='ocr_line' id='line_1_33' title="bbox 458 1821 1412 1861; baseline -0.002 -9"><span class='ocrx_word' id='word_1_267' title='bbox 458 1823 536 1852; x_wconf 88' lang='lat' dir='ltr'>blica</span> <span class='ocrx_word' id='word_1_268' title='bbox 559 1823 743 1861; x_wconf 88' lang='lat' dir='ltr'>poenitentia</span> <span class='ocrx_word' id='word_1_269' title='bbox 767 1822 928 1852; x_wconf 89' lang='lat' dir='ltr'>muletetur</span> <span class='ocrx_word' id='word_1_270' title='bbox 945 1825 973 1851; x_wconf 85' lang='lat' dir='ltr'>et</span> <span class='ocrx_word' id='word_1_271' title='bbox 988 1822 1052 1851; x_wconf 85' lang='lat' dir='ltr'>sine</span> <span class='ocrx_word' id='word_1_272' title='bbox 1067 1830 1121 1860; x_wconf 90' lang='lat' dir='ltr'>spe</span> <span class='ocrx_word' id='word_1_273' title='bbox 1136 1821 1267 1858; x_wconf 82' lang='lat' dir='ltr'>coniugii</span> <span class='ocrx_word' id='word_1_274' title='bbox 1286 1825 1412 1850; x_wconf 80' lang='lat' dir='ltr'>maneat.</span> 
     </span>
     <span class='ocr_line' id='line_1_34' title="bbox 458 1868 1415 1909; baseline -0.003 -10"><span class='ocrx_word' id='word_1_275' title='bbox 458 1871 494 1899; x_wconf 86' lang='lat' dir='ltr'>Et</span> <span class='ocrx_word' id='word_1_276' title='bbox 516 1871 540 1900; x_wconf 89' lang='lat' dir='ltr'>si</span> <span class='ocrx_word' id='word_1_277' title='bbox 563 1871 629 1909; x_wconf 89' lang='lat' dir='ltr'>ipsa</span> <span class='ocrx_word' id='word_1_278' title='bbox 651 1869 750 1899; x_wconf 90' lang='lat' dir='ltr'>eidem</span> <span class='ocrx_word' id='word_1_279' title='bbox 774 1870 892 1899; x_wconf 86' lang='lat' dir='ltr'>crimini</span> <span class='ocrx_word' id='word_1_280' title='bbox 916 1869 1106 1899; x_wconf 88' lang='lat' dir='ltr'>consentiens</span> <span class='ocrx_word' id='word_1_281' title='bbox 1129 1877 1187 1898; x_wconf 91' lang='lat' dir='ltr'>non</span> <span class='ocrx_word' id='word_1_282' title='bbox 1204 1868 1309 1905; x_wconf 78' lang='lat' dir='ltr'>suerit,</span> <span class='ocrx_word' id='word_1_283' title='bbox 1325 1868 1415 1898; x_wconf 82' lang='lat' dir='ltr'>licen-</span> 
     </span>
     <span class='ocr_line' id='line_1_35' title="bbox 320 1917 1413 1957; baseline -0.003 -8"><span class='ocrx_word' id='word_1_284' title='bbox 320 1928 441 1949; x_wconf 69' lang='lat' dir='ltr'>cratianus.</span> <span class='ocrx_word' id='word_1_285' title='bbox 460 1921 499 1949; x_wconf 84' lang='lat' dir='ltr'>tia</span> <span class='ocrx_word' id='word_1_286' title='bbox 521 1919 652 1949; x_wconf 88' lang='lat' dir='ltr'>nubendi</span> <span class='ocrx_word' id='word_1_287' title='bbox 676 1919 726 1949; x_wconf 84' lang='lat' dir='ltr'>alii</span> <span class='ocrx_word' id='word_1_288' title='bbox 750 1927 807 1948; x_wconf 93' lang='lat' dir='ltr'>non</span> <span class='ocrx_word' id='word_1_289' title='bbox 832 1922 956 1957; x_wconf 84' lang='lat' dir='ltr'>negetur</span> <span class='ocrx_word' id='word_1_290' title='bbox 969 1918 978 1932; x_wconf 68' lang='lat'>³</span> <span class='ocrx_word' id='word_1_291' title='bbox 995 1930 1020 1946; x_wconf 88' lang='lat'>».</span> <span class='ocrx_word' id='word_1_292' title='bbox 1040 1930 1051 1943; x_wconf 87' lang='lat'>«</span> <span class='ocrx_word' id='word_1_293' title='bbox 1068 1919 1213 1956; x_wconf 81' lang='lat' dir='ltr'>Apparet,</span> <span class='ocrx_word' id='word_1_294' title='bbox 1229 1917 1307 1947; x_wconf 85' lang='lat' dir='ltr'>lianc</span> <span class='ocrx_word' id='word_1_295' title='bbox 1323 1917 1413 1947; x_wconf 86' lang='lat' dir='ltr'>fuisse</span> 
     </span>
     <span class='ocr_line' id='line_1_36' title="bbox 458 1966 1414 2006; baseline -0.004 -8"><span class='ocrx_word' id='word_1_296' title='bbox 458 1968 671 2006; x_wconf 83' lang='lat' dir='ltr'>desponsatam</span> <span class='ocrx_word' id='word_1_297' title='bbox 705 1968 770 1997; x_wconf 87' lang='lat' dir='ltr'>sine</span> <span class='ocrx_word' id='word_1_298' title='bbox 792 1968 933 2005; x_wconf 82' lang='lat' dir='ltr'>pactione</span> <span class='ocrx_word' id='word_1_299' title='bbox 955 1966 1105 2004; x_wconf 90' lang='lat' dir='ltr'>coniugali</span> <span class='ocrx_word' id='word_1_300' title='bbox 1129 1966 1166 1995; x_wconf 90' lang='lat' dir='ltr'>de</span> <span class='ocrx_word' id='word_1_301' title='bbox 1188 1966 1356 2004; x_wconf 85' lang='lat' dir='ltr'>praesenti,</span> <span class='ocrx_word' id='word_1_302' title='bbox 1385 1969 1414 1995; x_wconf 82' lang='lat' dir='ltr'>et</span> 
     </span>
     <span class='ocr_line' id='line_1_37' title="bbox 458 2014 1411 2053; baseline -0.003 -7"><span class='ocrx_word' id='word_1_303' title='bbox 458 2016 526 2046; x_wconf 89' lang='lat' dir='ltr'>ideo</span> <span class='ocrx_word' id='word_1_304' title='bbox 549 2024 606 2045; x_wconf 91' lang='lat' dir='ltr'>non</span> <span class='ocrx_word' id='word_1_305' title='bbox 630 2016 722 2046; x_wconf 87' lang='lat' dir='ltr'>fuisse</span> <span class='ocrx_word' id='word_1_306' title='bbox 744 2016 923 2053; x_wconf 71' lang='lat' dir='ltr'>coniugem,</span> <span class='ocrx_word' id='word_1_307' title='bbox 945 2015 1011 2049; x_wconf 84' lang='lat' dir='ltr'>cui,</span> <span class='ocrx_word' id='word_1_308' title='bbox 1035 2015 1155 2044; x_wconf 88' lang='lat' dir='ltr'>vivente</span> <span class='ocrx_word' id='word_1_309' title='bbox 1176 2022 1304 2052; x_wconf 88' lang='lat' dir='ltr'>sponso,</span> <span class='ocrx_word' id='word_1_310' title='bbox 1327 2014 1411 2044; x_wconf 88' lang='lat' dir='ltr'>alteri</span> 
     </span>
     <span class='ocr_line' id='line_1_38' title="bbox 459 2062 1411 2101; baseline -0.003 -7"><span class='ocrx_word' id='word_1_311' title='bbox 459 2064 591 2094; x_wconf 90' lang='lat' dir='ltr'>nubendi</span> <span class='ocrx_word' id='word_1_312' title='bbox 613 2064 735 2094; x_wconf 85' lang='lat' dir='ltr'>licentia</span> <span class='ocrx_word' id='word_1_313' title='bbox 756 2072 815 2093; x_wconf 90' lang='lat' dir='ltr'>non</span> <span class='ocrx_word' id='word_1_314' title='bbox 846 2066 1013 2101; x_wconf 83' lang='lat' dir='ltr'>negatur».</span> <span class='ocrx_word' id='word_1_315' title='bbox 1046 2062 1120 2092; x_wconf 87' lang='lat' dir='ltr'>Sunt</span> <span class='ocrx_word' id='word_1_316' title='bbox 1154 2063 1232 2092; x_wconf 90' lang='lat' dir='ltr'>enim</span> <span class='ocrx_word' id='word_1_317' title='bbox 1263 2062 1411 2100; x_wconf 82' lang='lat' dir='ltr'>quaedam</span> 
     </span>
    </p>
   </div>
   <div class='ocr_carea' id='block_1_3' title="bbox 1439 323 1450 2094">
    <p class='ocr_par' dir='ltr' id='par_1_4' title="bbox 1439 323 1450 2094">
     <span class='ocr_line' id='line_1_39' title="bbox 1439 323 1450 2094; baseline 0 0"><span class='ocrx_word' id='word_1_318' title='bbox 1439 323 1450 2094; x_wconf 95' lang='lat' dir='ltr'> </span> 
     </span>
    </p>
   </div>
   <div class='ocr_carea' id='block_1_4' title="bbox 1471 320 2481 792">
    <p class='ocr_par' dir='ltr' id='par_1_5' title="bbox 1471 320 2481 792">
     <span class='ocr_line' id='line_1_40' title="bbox 1471 320 2419 361; baseline 0.003 -11"><span class='ocrx_word' id='word_1_319' title='bbox 1471 320 1616 358; x_wconf 83' lang='lat' dir='ltr'>nuptialia</span> <span class='ocrx_word' id='word_1_320' title='bbox 1637 324 1725 358; x_wconf 88' lang='lat' dir='ltr'>pacta</span> <span class='ocrx_word' id='word_1_321' title='bbox 1748 321 1785 350; x_wconf 87' lang='lat' dir='ltr'>de</span> <span class='ocrx_word' id='word_1_322' title='bbox 1808 321 1924 355; x_wconf 86' lang='lat' dir='ltr'>futuro,</span> <span class='ocrx_word' id='word_1_323' title='bbox 1947 329 1983 350; x_wconf 85' lang='lat' dir='ltr'>ex</span> <span class='ocrx_word' id='word_1_324' title='bbox 2007 321 2117 358; x_wconf 88' lang='lat' dir='ltr'>quibus</span> <span class='ocrx_word' id='word_1_325' title='bbox 2132 321 2238 359; x_wconf 78' lang='lat' dir='ltr'>sponsi</span> <span class='ocrx_word' id='word_1_326' title='bbox 2252 325 2281 351; x_wconf 89' lang='lat' dir='ltr'>et</span> <span class='ocrx_word' id='word_1_327' title='bbox 2295 331 2419 361; x_wconf 72' lang='lat' dir='ltr'>sponsae</span> 
     </span>
     <span class='ocr_line' id='line_1_41' title="bbox 1471 365 2418 408; baseline 0.003 -10"><span class='ocrx_word' id='word_1_328' title='bbox 1471 372 1618 398; x_wconf 87' lang='lat' dir='ltr'>vocantur</span> <span class='ocrx_word' id='word_1_329' title='bbox 1640 377 1695 398; x_wconf 89' lang='lat' dir='ltr'>nec</span> <span class='ocrx_word' id='word_1_330' title='bbox 1719 369 1827 398; x_wconf 77' lang='lat' dir='ltr'>exinde</span> <span class='ocrx_word' id='word_1_331' title='bbox 1850 368 1989 407; x_wconf 65' lang='lat' dir='ltr'>conz‘nqes</span> <span class='ocrx_word' id='word_1_332' title='bbox 2020 372 2107 404; x_wconf 87' lang='lat' dir='ltr'>sunt;</span> <span class='ocrx_word' id='word_1_333' title='bbox 2140 372 2169 398; x_wconf 86' lang='lat' dir='ltr'>et</span> <span class='ocrx_word' id='word_1_334' title='bbox 2200 373 2244 399; x_wconf 85' lang='lat' dir='ltr'>est</span> <span class='ocrx_word' id='word_1_335' title='bbox 2272 365 2418 408; x_wconf 81' lang='lat' dir='ltr'>quaedam</span> 
     </span>
     <span class='ocr_line' id='line_1_42' title="bbox 1472 417 2420 458; baseline 0.004 -12"><span class='ocrx_word' id='word_1_336' title='bbox 1472 417 1572 455; x_wconf 84' lang='lat' dir='ltr'>pactio</span> <span class='ocrx_word' id='word_1_337' title='bbox 1596 417 1762 453; x_wconf 84' lang='lat' dir='ltr'>coniugalis</span> <span class='ocrx_word' id='word_1_338' title='bbox 1785 417 1822 446; x_wconf 90' lang='lat' dir='ltr'>de</span> <span class='ocrx_word' id='word_1_339' title='bbox 1845 417 2013 455; x_wconf 86' lang='lat' dir='ltr'>praesenti,</span> <span class='ocrx_word' id='word_1_340' title='bbox 2035 425 2113 455; x_wconf 90' lang='lat' dir='ltr'>quae</span> <span class='ocrx_word' id='word_1_341' title='bbox 2133 426 2277 455; x_wconf 88' lang='lat' dir='ltr'>sponsum</span> <span class='ocrx_word' id='word_1_342' title='bbox 2295 422 2323 448; x_wconf 89' lang='lat' dir='ltr'>et</span> <span class='ocrx_word' id='word_1_343' title='bbox 2337 428 2420 458; x_wconf 90' lang='lat' dir='ltr'>spon-</span> 
     </span>
     <span class='ocr_line' id='line_1_43' title="bbox 1472 465 2420 505; baseline 0.003 -11"><span class='ocrx_word' id='word_1_344' title='bbox 1472 473 1536 494; x_wconf 85' lang='lat' dir='ltr'>sam</span> <span class='ocrx_word' id='word_1_345' title='bbox 1560 466 1649 495; x_wconf 89' lang='lat' dir='ltr'>etiam</span> <span class='ocrx_word' id='word_1_346' title='bbox 1671 465 1815 503; x_wconf 86' lang='lat' dir='ltr'>coniuges</span> <span class='ocrx_word' id='word_1_347' title='bbox 1838 465 1914 495; x_wconf 86' lang='lat' dir='ltr'>facit.</span> <span class='ocrx_word' id='word_1_348' title='bbox 1938 466 1975 494; x_wconf 85' lang='lat' dir='ltr'>Et</span> <span class='ocrx_word' id='word_1_349' title='bbox 1997 469 2125 504; x_wconf 87' lang='lat' dir='ltr'>utraque</span> <span class='ocrx_word' id='word_1_350' title='bbox 2141 466 2242 504; x_wconf 87' lang='lat' dir='ltr'>pactio</span> <span class='ocrx_word' id='word_1_351' title='bbox 2265 466 2420 505; x_wconf 76' lang='lat' dir='ltr'>desponsa-</span> 
     </span>
     <span class='ocr_line' id='line_1_44' title="bbox 1473 511 2419 552; baseline 0.004 -11"><span class='ocrx_word' id='word_1_352' title='bbox 1473 511 1513 541; x_wconf 80' lang='lat' dir='ltr'>lie</span> <span class='ocrx_word' id='word_1_353' title='bbox 1537 512 1583 542; x_wconf 79' lang='lat' dir='ltr'>vel</span> <span class='ocrx_word' id='word_1_354' title='bbox 1605 511 1763 551; x_wconf 71' lang='lat' dir='ltr'>sponsalia</span> <span class='ocrx_word' id='word_1_355' title='bbox 1793 513 1942 542; x_wconf 84' lang='lat' dir='ltr'>interdum</span> <span class='ocrx_word' id='word_1_356' title='bbox 1976 513 2137 550; x_wconf 76' lang='lat' dir='ltr'>dicuntur,</span> <span class='ocrx_word' id='word_1_357' title='bbox 2167 513 2294 552; x_wconf 75' lang='lat' dir='ltr'>proprie</span> <span class='ocrx_word' id='word_1_358' title='bbox 2325 518 2419 545; x_wconf 79' lang='lat' dir='ltr'>tamen</span> 
     </span>
     <span class='ocr_line' id='line_1_45' title="bbox 1472 561 2420 600; baseline 0.003 -10"><span class='ocrx_word' id='word_1_359' title='bbox 1472 561 1629 599; x_wconf 58' lang='lat' dir='ltr'>sponsalia</span> <span class='ocrx_word' id='word_1_360' title='bbox 1652 561 1795 591; x_wconf 88' lang='lat' dir='ltr'>dicuntur</span> <span class='ocrx_word' id='word_1_361' title='bbox 1817 561 1966 599; x_wconf 80' lang='lat' dir='ltr'>quaedam</span> <span class='ocrx_word' id='word_1_362' title='bbox 1990 561 2134 591; x_wconf 88' lang='lat' dir='ltr'>solemnia</span> <span class='ocrx_word' id='word_1_363' title='bbox 2158 565 2247 600; x_wconf 83' lang='lat' dir='ltr'>pacta</span> <span class='ocrx_word' id='word_1_364' title='bbox 2268 563 2420 600; x_wconf 85' lang='lat' dir='ltr'>nuptialia.</span> 
     </span>
     <span class='ocr_line' id='line_1_46' title="bbox 1552 608 2474 650; baseline 0.001 -13"><span class='ocrx_word' id='word_1_365' title='bbox 1552 609 1594 638; x_wconf 90' lang='lat' dir='ltr'>De</span> <span class='ocrx_word' id='word_1_366' title='bbox 1617 608 1802 646; x_wconf 79' lang='lat' dir='ltr'>nuptialibus</span> <span class='ocrx_word' id='word_1_367' title='bbox 1824 609 1937 646; x_wconf 77' lang='lat' dir='ltr'>pactis,</span> <span class='ocrx_word' id='word_1_368' title='bbox 1960 609 2010 638; x_wconf 91' lang='lat' dir='ltr'>ubi</span> <span class='ocrx_word' id='word_1_369' title='bbox 2034 612 2078 638; x_wconf 85' lang='lat' dir='ltr'>est</span> <span class='ocrx_word' id='word_1_370' title='bbox 2102 613 2216 638; x_wconf 86' lang='lat' dir='ltr'>tantum</span> <span class='ocrx_word' id='word_1_371' title='bbox 2237 609 2358 648; x_wconf 75' lang='lat' dir='ltr'>sponsio</span> <span class='ocrx_word' id='word_1_372' title='bbox 2376 610 2423 650; x_wconf 79' lang='lat' dir='ltr'>fu·</span> <span class='ocrx_word' id='word_1_373' title='bbox 2444 615 2474 645; x_wconf 63' lang='lat' dir='ltr'>‚De</span> 
     </span>
     <span class='ocr_line' id='line_1_47' title="bbox 1475 641 2481 697; baseline 0.005 -12"><span class='ocrx_word' id='word_1_374' title='bbox 1475 655 1557 690; x_wconf 72' lang='lat' dir='ltr'>citri,</span> <span class='ocrx_word' id='word_1_375' title='bbox 1579 657 1621 686; x_wconf 87' lang='lat' dir='ltr'>ait</span> <span class='ocrx_word' id='word_1_376' title='bbox 1641 657 1867 694; x_wconf 66' lang='lat' dir='ltr'>Augustinus⁴:</span> <span class='ocrx_word' id='word_1_377' title='bbox 1891 657 2083 687; x_wconf 84' lang='lat' dir='ltr'>«institutum</span> <span class='ocrx_word' id='word_1_378' title='bbox 2101 661 2161 693; x_wconf 79' lang='lat' dir='ltr'>est,</span> <span class='ocrx_word' id='word_1_379' title='bbox 2182 662 2214 687; x_wconf 82' lang='lat' dir='ltr'>ut</span> <span class='ocrx_word' id='word_1_380' title='bbox 2236 658 2294 687; x_wconf 90' lang='lat' dir='ltr'>iam</span> <span class='ocrx_word' id='word_1_381' title='bbox 2317 663 2421 696; x_wconf 83' lang='lat' dir='ltr'>pactae</span> <span class='ocrx_word' id='word_1_382' title='bbox 2433 641 2481 697; x_wconf 52' lang='lat' dir='ltr'>iiii}-</span> 
     </span>
     <span class='ocr_line' id='line_1_48' title="bbox 1473 705 2423 742; baseline 0.004 -9"><span class='ocrx_word' id='word_1_383' title='bbox 1473 712 1604 742; x_wconf 86' lang='lat' dir='ltr'>sponsae</span> <span class='ocrx_word' id='word_1_384' title='bbox 1632 713 1690 734; x_wconf 91' lang='lat' dir='ltr'>non</span> <span class='ocrx_word' id='word_1_385' title='bbox 1714 705 1813 734; x_wconf 85' lang='lat' dir='ltr'>statim</span> <span class='ocrx_word' id='word_1_386' title='bbox 1837 705 2009 740; x_wconf 86' lang='lat' dir='ltr'>tradantur,</span> <span class='ocrx_word' id='word_1_387' title='bbox 2032 714 2068 735; x_wconf 93' lang='lat' dir='ltr'>ne</span> <span class='ocrx_word' id='word_1_388' title='bbox 2092 706 2180 735; x_wconf 91' lang='lat' dir='ltr'>vilem</span> <span class='ocrx_word' id='word_1_389' title='bbox 2204 706 2315 736; x_wconf 85' lang='lat' dir='ltr'>habeat</span> <span class='ocrx_word' id='word_1_390' title='bbox 2336 708 2423 738; x_wconf 83' lang='lat' dir='ltr'>mari-</span> 
     </span>
     <span class='ocr_line' id='line_1_49' title="bbox 1475 753 2421 792; baseline 0 -10"><span class='ocrx_word' id='word_1_391' title='bbox 1475 756 1522 782; x_wconf 92' lang='lat' dir='ltr'>tus</span> <span class='ocrx_word' id='word_1_392' title='bbox 1556 753 1672 789; x_wconf 74' lang='lat' dir='ltr'>datam,</span> <span class='ocrx_word' id='word_1_393' title='bbox 1703 761 1795 791; x_wconf 89' lang='lat' dir='ltr'>quam</span> <span class='ocrx_word' id='word_1_394' title='bbox 1828 761 1884 783; x_wconf 89' lang='lat' dir='ltr'>non</span> <span class='ocrx_word' id='word_1_395' title='bbox 1917 754 2082 791; x_wconf 84' lang='lat' dir='ltr'>suspiravit</span> <span class='ocrx_word' id='word_1_396' title='bbox 2104 763 2233 792; x_wconf 83' lang='lat' dir='ltr'>sponsus</span> <span class='ocrx_word' id='word_1_397' title='bbox 2254 754 2377 785; x_wconf 86' lang='lat' dir='ltr'>dilatam</span> <span class='ocrx_word' id='word_1_398' title='bbox 2396 768 2421 787; x_wconf 80' lang='grc'>»,</span> 
     </span>
    </p>
   </div>
   <div class='ocr_carea' id='block_1_5' title="bbox 1888 830 2014 880">
    <p class='ocr_par' dir='ltr' id='par_1_6' title="bbox 1888 830 2014 880">
     <span class='ocr_line' id='line_1_50' title="bbox 1888 830 2014 880; baseline 0 -1"><span class='ocrx_word' id='word_1_399' title='bbox 1888 830 1956 880; x_wconf 51' lang='lat' dir='ltr'>cib.</span> <span class='ocrx_word' id='word_1_400' title='bbox 1978 850 2014 880; x_wconf 82' lang='lat' dir='ltr'>X.</span> 
     </span>
    </p>
   </div>
   <div class='ocr_carea' id='block_1_6' title="bbox 1604 946 2304 1034">
    <p class='ocr_par' dir='ltr' id='par_1_7' title="bbox 1604 946 2304 1034">
     <span class='ocr_line' id='line_1_51' title="bbox 1604 946 2304 986; baseline 0.003 -11"><span class='ocrx_word' id='word_1_401' title='bbox 1604 946 1684 982; x_wconf 72' lang='lat' dir='ltr'>Quae</span> <span class='ocrx_word' id='word_1_402' title='bbox 1704 956 1816 985; x_wconf 72' lang='lat' dir='ltr'>sponsa.</span> <span class='ocrx_word' id='word_1_403' title='bbox 1836 946 1876 976; x_wconf 79' lang='lat' dir='ltr'>sit</span> <span class='ocrx_word' id='word_1_404' title='bbox 1895 946 2009 981; x_wconf 70' lang='lat' dir='ltr'>vidua,</span> <span class='ocrx_word' id='word_1_405' title='bbox 2031 951 2152 977; x_wconf 67' lang='lat' dir='ltr'>mortno</span> <span class='ocrx_word' id='word_1_406' title='bbox 2174 956 2304 986; x_wconf 71' lang='lat' dir='ltr'>sponso,</span> 
     </span>
     <span class='ocr_line' id='line_1_52' title="bbox 1845 1000 2061 1034; baseline 0 -10"><span class='ocrx_word' id='word_1_407' title='bbox 1845 1000 1870 1024; x_wconf 76' lang='lat' dir='ltr'>ec</span> <span class='ocrx_word' id='word_1_408' title='bbox 1892 1004 1968 1034; x_wconf 76' lang='lat' dir='ltr'>quae</span> <span class='ocrx_word' id='word_1_409' title='bbox 1990 1004 2061 1025; x_wconf 40' lang='lat' dir='ltr'>non..</span> 
     </span>
    </p>
   </div>
   <div class='ocr_carea' id='block_1_7' title="bbox 1477 1092 2483 2100">
    <p class='ocr_par' dir='ltr' id='par_1_8' title="bbox 1477 1092 2428 1420">
     <span class='ocr_line' id='line_1_53' title="bbox 1557 1092 2424 1131; baseline 0.002 -9"><span class='ocrx_word' id='word_1_410' title='bbox 1557 1093 1592 1122; x_wconf 85' lang='lat' dir='ltr'>Et</span> <span class='ocrx_word' id='word_1_411' title='bbox 1615 1096 1659 1122; x_wconf 86' lang='lat' dir='ltr'>est</span> <span class='ocrx_word' id='word_1_412' title='bbox 1681 1092 1854 1129; x_wconf 78' lang='lat' dir='ltr'>sciendum,</span> <span class='ocrx_word' id='word_1_413' title='bbox 1883 1092 1963 1130; x_wconf 89' lang='lat' dir='ltr'>quod</span> <span class='ocrx_word' id='word_1_414' title='bbox 1988 1092 2036 1121; x_wconf 91' lang='lat' dir='ltr'>illa</span> <span class='ocrx_word' id='word_1_415' title='bbox 2058 1100 2185 1130; x_wconf 85' lang='lat' dir='ltr'>sponsa,</span> <span class='ocrx_word' id='word_1_416' title='bbox 2214 1100 2292 1131; x_wconf 85' lang='lat' dir='ltr'>quae</span> <span class='ocrx_word' id='word_1_417' title='bbox 2315 1097 2424 1124; x_wconf 89' lang='lat' dir='ltr'>tautum</span> 
     </span>
     <span class='ocr_line' id='line_1_54' title="bbox 1477 1141 2425 1180; baseline 0.002 -10"><span class='ocrx_word' id='word_1_418' title='bbox 1477 1141 1506 1170; x_wconf 91' lang='lat' dir='ltr'>in</span> <span class='ocrx_word' id='word_1_419' title='bbox 1529 1141 1628 1171; x_wconf 86' lang='lat' dir='ltr'>futuro</span> <span class='ocrx_word' id='word_1_420' title='bbox 1645 1144 1688 1170; x_wconf 88' lang='lat' dir='ltr'>est</span> <span class='ocrx_word' id='word_1_421' title='bbox 1702 1145 1807 1179; x_wconf 85' lang='lat' dir='ltr'>pacta,</span> <span class='ocrx_word' id='word_1_422' title='bbox 1824 1144 1942 1170; x_wconf 86' lang='lat' dir='ltr'>mortuo</span> <span class='ocrx_word' id='word_1_423' title='bbox 1958 1148 2083 1178; x_wconf 85' lang='lat' dir='ltr'>sponso,</span> <span class='ocrx_word' id='word_1_424' title='bbox 2100 1149 2157 1170; x_wconf 92' lang='lat' dir='ltr'>non</span> <span class='ocrx_word' id='word_1_425' title='bbox 2173 1145 2308 1171; x_wconf 84' lang='lat' dir='ltr'>remanet</span> <span class='ocrx_word' id='word_1_426' title='bbox 2324 1142 2425 1180; x_wconf 85' lang='lat' dir='ltr'>vidua,</span> 
     </span>
     <span class='ocr_line' id='line_1_55' title="bbox 1477 1189 2425 1229; baseline 0.002 -10"><span class='ocrx_word' id='word_1_427' title='bbox 1477 1190 1548 1227; x_wconf 85' lang='lat' dir='ltr'>quia</span> <span class='ocrx_word' id='word_1_428' title='bbox 1572 1198 1629 1219; x_wconf 84' lang='lat' dir='ltr'>non</span> <span class='ocrx_word' id='word_1_429' title='bbox 1653 1189 1750 1219; x_wconf 86' lang='lat' dir='ltr'>fuerat</span> <span class='ocrx_word' id='word_1_430' title='bbox 1770 1189 1816 1218; x_wconf 92' lang='lat' dir='ltr'>vir</span> <span class='ocrx_word' id='word_1_431' title='bbox 1845 1189 1917 1218; x_wconf 82' lang='lat' dir='ltr'>eius.</span> <span class='ocrx_word' id='word_1_432' title='bbox 1950 1189 2033 1218; x_wconf 88' lang='lat' dir='ltr'>Unde</span> <span class='ocrx_word' id='word_1_433' title='bbox 2062 1189 2086 1218; x_wconf 88' lang='lat' dir='ltr'>si</span> <span class='ocrx_word' id='word_1_434' title='bbox 2114 1189 2182 1227; x_wconf 85' lang='lat' dir='ltr'>quis</span> <span class='ocrx_word' id='word_1_435' title='bbox 2204 1197 2269 1219; x_wconf 89' lang='lat' dir='ltr'>eam</span> <span class='ocrx_word' id='word_1_436' title='bbox 2293 1190 2425 1229; x_wconf 80' lang='lat' dir='ltr'>duxerit,</span> 
     </span>
     <span class='ocr_line' id='line_1_56' title="bbox 1477 1237 2428 1277; baseline 0.002 -10"><span class='ocrx_word' id='word_1_437' title='bbox 1477 1237 1515 1267; x_wconf 90' lang='lat' dir='ltr'>ad</span> <span class='ocrx_word' id='word_1_438' title='bbox 1537 1246 1641 1267; x_wconf 89' lang='lat' dir='ltr'>saeros</span> <span class='ocrx_word' id='word_1_439' title='bbox 1663 1238 1785 1267; x_wconf 85' lang='lat' dir='ltr'>ordines</span> <span class='ocrx_word' id='word_1_440' title='bbox 1813 1237 2017 1266; x_wconf 85' lang='lat' dir='ltr'>conscendere</span> <span class='ocrx_word' id='word_1_441' title='bbox 2046 1245 2104 1266; x_wconf 88' lang='lat' dir='ltr'>non</span> <span class='ocrx_word' id='word_1_442' title='bbox 2136 1237 2332 1275; x_wconf 84' lang='lat' dir='ltr'>prohibetur,</span> <span class='ocrx_word' id='word_1_443' title='bbox 2359 1239 2428 1277; x_wconf 82' lang='lat' dir='ltr'>quia</span> 
     </span>
     <span class='ocr_line' id='line_1_57' title="bbox 1479 1286 2427 1324; baseline 0.002 -9"><span class='ocrx_word' id='word_1_444' title='bbox 1479 1294 1535 1315; x_wconf 89' lang='lat' dir='ltr'>non</span> <span class='ocrx_word' id='word_1_445' title='bbox 1559 1286 1646 1316; x_wconf 81' lang='lat' dir='ltr'>duxit</span> <span class='ocrx_word' id='word_1_446' title='bbox 1671 1286 1801 1315; x_wconf 87' lang='lat' dir='ltr'>viduam.</span> <span class='ocrx_word' id='word_1_447' title='bbox 1826 1286 1942 1316; x_wconf 87' lang='lat' dir='ltr'>Viduae</span> <span class='ocrx_word' id='word_1_448' title='bbox 1965 1286 2043 1315; x_wconf 85' lang='lat' dir='ltr'>enim</span> <span class='ocrx_word' id='word_1_449' title='bbox 2066 1286 2192 1315; x_wconf 86' lang='lat' dir='ltr'>maritus</span> <span class='ocrx_word' id='word_1_450' title='bbox 2215 1293 2327 1324; x_wconf 85' lang='lat' dir='ltr'>aeque,</span> <span class='ocrx_word' id='word_1_451' title='bbox 2354 1287 2427 1319; x_wconf 83' lang='lat' dir='ltr'>sicut</span> 
     </span>
     <span class='ocr_line' id='line_1_58' title="bbox 1478 1333 2427 1373; baseline 0.002 -10"><span class='ocrx_word' id='word_1_452' title='bbox 1478 1334 1632 1373; x_wconf 85' lang='lat' dir='ltr'>bigamus,</span> <span class='ocrx_word' id='word_1_453' title='bbox 1655 1334 1797 1364; x_wconf 82' lang='lat' dir='ltr'>sacerdos</span> <span class='ocrx_word' id='word_1_454' title='bbox 1820 1334 1883 1364; x_wconf 89' lang='lat' dir='ltr'>fieri</span> <span class='ocrx_word' id='word_1_455' title='bbox 1908 1333 2104 1372; x_wconf 80' lang='lat' dir='ltr'>proliibetur;</span> <span class='ocrx_word' id='word_1_456' title='bbox 2126 1342 2163 1363; x_wconf 85' lang='lat' dir='ltr'>ex</span> <span class='ocrx_word' id='word_1_457' title='bbox 2187 1334 2235 1364; x_wconf 87' lang='lat' dir='ltr'>tali</span> <span class='ocrx_word' id='word_1_458' title='bbox 2260 1338 2358 1364; x_wconf 83' lang='lat' dir='ltr'>autem</span> <span class='ocrx_word' id='word_1_459' title='bbox 2380 1343 2427 1365; x_wconf 90' lang='lat' dir='ltr'>co-</span> 
     </span>
     <span class='ocr_line' id='line_1_59' title="bbox 1479 1381 2158 1420; baseline 0 -9"><span class='ocrx_word' id='word_1_460' title='bbox 1479 1382 1550 1420; x_wconf 86' lang='lat' dir='ltr'>pula</span> <span class='ocrx_word' id='word_1_461' title='bbox 1572 1382 1672 1412; x_wconf 89' lang='lat' dir='ltr'>nullus</span> <span class='ocrx_word' id='word_1_462' title='bbox 1695 1386 1815 1412; x_wconf 89' lang='lat' dir='ltr'>arcetur</span> <span class='ocrx_word' id='word_1_463' title='bbox 1837 1390 1852 1411; x_wconf 90' lang='lat' dir='ltr'>a</span> <span class='ocrx_word' id='word_1_464' title='bbox 1875 1382 1970 1411; x_wconf 86' lang='lat' dir='ltr'>sacris</span> <span class='ocrx_word' id='word_1_465' title='bbox 1992 1381 2158 1411; x_wconf 87' lang='lat' dir='ltr'>ordinibus.</span> 
     </span>
    </p>

    <p class='ocr_par' dir='ltr' id='par_1_9' title="bbox 1478 1430 2483 2100">
     <span class='ocr_line' id='line_1_60' title="bbox 1557 1430 2483 1469; baseline 0.002 -9"><span class='ocrx_word' id='word_1_466' title='bbox 1557 1430 1730 1460; x_wconf 84' lang='lat' dir='ltr'>Secundum</span> <span class='ocrx_word' id='word_1_467' title='bbox 1755 1431 1812 1460; x_wconf 85' lang='lat' dir='ltr'>boc</span> <span class='ocrx_word' id='word_1_468' title='bbox 1835 1430 2061 1467; x_wconf 79' lang='lat' dir='ltr'>Intelligendum</span> <span class='ocrx_word' id='word_1_469' title='bbox 2085 1430 2225 1468; x_wconf 85' lang='lat' dir='ltr'>estquod</span> <span class='ocrx_word' id='word_1_470' title='bbox 2241 1431 2283 1460; x_wconf 82' lang='lat' dir='ltr'>ait</span> <span class='ocrx_word' id='word_1_471' title='bbox 2297 1431 2430 1469; x_wconf 87' lang='lat' dir='ltr'>Pelagius</span> <span class='ocrx_word' id='word_1_472' title='bbox 2441 1432 2483 1454; x_wconf 47' lang='lat'><em>¹²0¹?</em></span> 
     </span>
     <span class='ocr_line' id='line_1_61' title="bbox 1478 1479 2429 1518; baseline 0.002 -10"><span class='ocrx_word' id='word_1_473' title='bbox 1478 1479 1580 1518; x_wconf 74' lang='lat' dir='ltr'>Papa5</span> <span class='ocrx_word' id='word_1_474' title='bbox 1603 1479 1641 1509; x_wconf 91' lang='lat' dir='ltr'>de</span> <span class='ocrx_word' id='word_1_475' title='bbox 1666 1479 1715 1508; x_wconf 91' lang='lat' dir='ltr'>illo</span> <span class='ocrx_word' id='word_1_476' title='bbox 1739 1479 1800 1517; x_wconf 81' lang='lat' dir='ltr'>qui,</span> <span class='ocrx_word' id='word_1_477' title='bbox 1824 1482 1942 1508; x_wconf 90' lang='lat' dir='ltr'>mortuo</span> <span class='ocrx_word' id='word_1_478' title='bbox 1965 1487 2076 1517; x_wconf 86' lang='lat' dir='ltr'>sponso</span> <span class='ocrx_word' id='word_1_479' title='bbox 2100 1479 2173 1512; x_wconf 83' lang='lat' dir='ltr'>eius,</span> <span class='ocrx_word' id='word_1_480' title='bbox 2193 1487 2334 1517; x_wconf 89' lang='lat' dir='ltr'>sponsam</span> <span class='ocrx_word' id='word_1_481' title='bbox 2350 1480 2429 1510; x_wconf 89' lang='lat' dir='ltr'>ducit</span> 
     </span>
     <span class='ocr_line' id='line_1_62' title="bbox 1480 1527 2430 1565; baseline 0.002 -9"><span class='ocrx_word' id='word_1_482' title='bbox 1480 1528 1508 1557; x_wconf 92' lang='lat' dir='ltr'>in</span> <span class='ocrx_word' id='word_1_483' title='bbox 1526 1536 1667 1558; x_wconf 80' lang='lat' dir='ltr'>uxorem:</span> <span class='ocrx_word' id='word_1_484' title='bbox 1697 1527 1801 1557; x_wconf 83' lang='lat' dir='ltr'>«Nihil</span> <span class='ocrx_word' id='word_1_485' title='bbox 1823 1531 1885 1563; x_wconf 84' lang='lat' dir='ltr'>est,</span> <span class='ocrx_word' id='word_1_486' title='bbox 1908 1527 2019 1565; x_wconf 87' lang='lat' dir='ltr'>inquit,</span> <span class='ocrx_word' id='word_1_487' title='bbox 2042 1531 2187 1565; x_wconf 86' lang='lat' dir='ltr'>qnantum</span> <span class='ocrx_word' id='word_1_488' title='bbox 2211 1527 2247 1557; x_wconf 94' lang='lat' dir='ltr'>ad</span> <span class='ocrx_word' id='word_1_489' title='bbox 2271 1528 2351 1558; x_wconf 87' lang='lat' dir='ltr'>hunc</span> <span class='ocrx_word' id='word_1_490' title='bbox 2366 1529 2430 1558; x_wconf 88' lang='lat' dir='ltr'>arti-</span> 
     </span>
     <span class='ocr_line' id='line_1_63' title="bbox 1479 1576 2429 1614; baseline 0 -8"><span class='ocrx_word' id='word_1_491' title='bbox 1479 1577 1580 1607; x_wconf 87' lang='lat' dir='ltr'>culum</span> <span class='ocrx_word' id='word_1_492' title='bbox 1604 1577 1724 1611; x_wconf 85' lang='lat' dir='ltr'>attinet,</span> <span class='ocrx_word' id='word_1_493' title='bbox 1754 1576 1835 1614; x_wconf 90' lang='lat' dir='ltr'>quod</span> <span class='ocrx_word' id='word_1_494' title='bbox 1858 1577 1883 1605; x_wconf 93' lang='lat' dir='ltr'>ei</span> <span class='ocrx_word' id='word_1_495' title='bbox 1908 1576 2009 1605; x_wconf 86' lang='lat' dir='ltr'>obviet</span> <span class='ocrx_word' id='word_1_496' title='bbox 2037 1576 2074 1605; x_wconf 90' lang='lat' dir='ltr'>de</span> <span class='ocrx_word' id='word_1_497' title='bbox 2096 1576 2250 1605; x_wconf 88' lang='lat' dir='ltr'>canonicis</span> <span class='ocrx_word' id='word_1_498' title='bbox 2276 1577 2429 1612; x_wconf 88' lang='lat' dir='ltr'>institutis,</span> 
     </span>
     <span class='ocr_line' id='line_1_64' title="bbox 1479 1624 2429 1664; baseline 0 -9"><span class='ocrx_word' id='word_1_499' title='bbox 1479 1626 1551 1664; x_wconf 91' lang='lat' dir='ltr'>quin</span> <span class='ocrx_word' id='word_1_500' title='bbox 1575 1625 1612 1655; x_wconf 91' lang='lat' dir='ltr'>ad</span> <span class='ocrx_word' id='word_1_501' title='bbox 1635 1633 1739 1654; x_wconf 88' lang='lat' dir='ltr'>sacros</span> <span class='ocrx_word' id='word_1_502' title='bbox 1761 1624 1883 1654; x_wconf 86' lang='lat' dir='ltr'>ordines</span> <span class='ocrx_word' id='word_1_503' title='bbox 1906 1624 2079 1662; x_wconf 84' lang='lat' dir='ltr'>promoveri</span> <span class='ocrx_word' id='word_1_504' title='bbox 2102 1624 2237 1654; x_wconf 84' lang='lat' dir='ltr'>valeat».</span> <span class='ocrx_word' id='word_1_505' title='bbox 2261 1624 2290 1654; x_wconf 82' lang='lat' dir='ltr'>Si</span> <span class='ocrx_word' id='word_1_506' title='bbox 2308 1633 2378 1655; x_wconf 91' lang='lat' dir='ltr'>vero</span> <span class='ocrx_word' id='word_1_507' title='bbox 2395 1628 2429 1655; x_wconf 85' lang='lat' dir='ltr'>ta-</span> 
     </span>
     <span class='ocr_line' id='line_1_65' title="bbox 1479 1673 2430 1712; baseline 0.001 -9"><span class='ocrx_word' id='word_1_508' title='bbox 1479 1675 1515 1703; x_wconf 91' lang='lat' dir='ltr'>lis</span> <span class='ocrx_word' id='word_1_509' title='bbox 1536 1682 1647 1712; x_wconf 86' lang='lat' dir='ltr'>sponsa</span> <span class='ocrx_word' id='word_1_510' title='bbox 1670 1674 1789 1710; x_wconf 83' lang='lat' dir='ltr'>suisset,</span> <span class='ocrx_word' id='word_1_511' title='bbox 1812 1674 1889 1703; x_wconf 85' lang='lat' dir='ltr'>inter</span> <span class='ocrx_word' id='word_1_512' title='bbox 1910 1681 2002 1712; x_wconf 88' lang='lat' dir='ltr'>quam</span> <span class='ocrx_word' id='word_1_513' title='bbox 2025 1677 2054 1702; x_wconf 88' lang='lat' dir='ltr'>et</span> <span class='ocrx_word' id='word_1_514' title='bbox 2069 1681 2213 1711; x_wconf 86' lang='lat' dir='ltr'>sponsum</span> <span class='ocrx_word' id='word_1_515' title='bbox 2229 1673 2294 1703; x_wconf 92' lang='lat' dir='ltr'>eius</span> <span class='ocrx_word' id='word_1_516' title='bbox 2314 1682 2430 1704; x_wconf 89' lang='lat' dir='ltr'>consen-</span> 
     </span>
     <span class='ocr_line' id='line_1_66' title="bbox 1478 1721 2430 1760; baseline 0 -8"><span class='ocrx_word' id='word_1_517' title='bbox 1478 1731 1530 1752; x_wconf 85' lang='lat' dir='ltr'>sus</span> <span class='ocrx_word' id='word_1_518' title='bbox 1551 1722 1588 1752; x_wconf 84' lang='lat' dir='ltr'>(le</span> <span class='ocrx_word' id='word_1_519' title='bbox 1610 1721 1761 1760; x_wconf 88' lang='lat' dir='ltr'>praesenti</span> <span class='ocrx_word' id='word_1_520' title='bbox 1790 1722 2024 1757; x_wconf 83' lang='lat' dir='ltr'>intercessisset,</span> <span class='ocrx_word' id='word_1_521' title='bbox 2055 1730 2089 1751; x_wconf 91' lang='lat' dir='ltr'>eo</span> <span class='ocrx_word' id='word_1_522' title='bbox 2112 1725 2248 1757; x_wconf 80' lang='lat' dir='ltr'>mortuo,</span> <span class='ocrx_word' id='word_1_523' title='bbox 2279 1721 2369 1751; x_wconf 87' lang='lat' dir='ltr'>vidua</span> <span class='ocrx_word' id='word_1_524' title='bbox 2391 1730 2430 1752; x_wconf 85' lang='lat' dir='ltr'>re-</span> 
     </span>
     <span class='ocr_line' id='line_1_67' title="bbox 1479 1765 2478 1808; baseline 0 -8"><span class='ocrx_word' id='word_1_525' title='bbox 1479 1771 1653 1804; x_wconf 54' lang='lat' dir='ltr'>mansissem</span> <span class='ocrx_word' id='word_1_526' title='bbox 1676 1771 1725 1800; x_wconf 92' lang='lat' dir='ltr'>cui</span> <span class='ocrx_word' id='word_1_527' title='bbox 1749 1770 1909 1808; x_wconf 85' lang='lat' dir='ltr'>copulatus</span> <span class='ocrx_word' id='word_1_528' title='bbox 1932 1771 1960 1800; x_wconf 93' lang='lat' dir='ltr'>in</span> <span class='ocrx_word' id='word_1_529' title='bbox 1977 1771 2117 1808; x_wconf 86' lang='lat' dir='ltr'>coniugio</span> <span class='ocrx_word' id='word_1_530' title='bbox 2138 1770 2264 1800; x_wconf 88' lang='lat' dir='ltr'>ulterius</span> <span class='ocrx_word' id='word_1_531' title='bbox 2278 1770 2316 1799; x_wconf 84' lang='lat' dir='ltr'>ad</span> <span class='ocrx_word' id='word_1_532' title='bbox 2331 1778 2430 1800; x_wconf 86' lang='lat' dir='ltr'>sacros</span> <span class='ocrx_word' id='word_1_533' title='bbox 2441 1765 2478 1787; x_wconf 58' lang='lat'>⁰¹¹1</span> 
     </span>
     <span class='ocr_line' id='line_1_68' title="bbox 1480 1818 2430 1853; baseline 0 -5"><span class='ocrx_word' id='word_1_534' title='bbox 1480 1819 1600 1849; x_wconf 85' lang='lat' dir='ltr'>ordines</span> <span class='ocrx_word' id='word_1_535' title='bbox 1623 1827 1681 1849; x_wconf 92' lang='lat' dir='ltr'>non</span> <span class='ocrx_word' id='word_1_536' title='bbox 1704 1819 1880 1853; x_wconf 83' lang='lat' dir='ltr'>accederet,</span> <span class='ocrx_word' id='word_1_537' title='bbox 1908 1828 1977 1849; x_wconf 93' lang='lat' dir='ltr'>eum</span> <span class='ocrx_word' id='word_1_538' title='bbox 2000 1819 2123 1849; x_wconf 88' lang='lat' dir='ltr'>viduam</span> <span class='ocrx_word' id='word_1_539' title='bbox 2147 1819 2276 1849; x_wconf 85' lang='lat' dir='ltr'>duxerit.</span> <span class='ocrx_word' id='word_1_540' title='bbox 2304 1818 2369 1848; x_wconf 90' lang='lat' dir='ltr'>Non</span> <span class='ocrx_word' id='word_1_541' title='bbox 2389 1822 2430 1849; x_wconf 86' lang='lat' dir='ltr'>est</span> 
     </span>
     <span class='ocr_line' id='line_1_69' title="bbox 1481 1867 2429 1906; baseline 0.001 -10"><span class='ocrx_word' id='word_1_542' title='bbox 1481 1868 1572 1904; x_wconf 88' lang='lat' dir='ltr'>igitur</span> <span class='ocrx_word' id='word_1_543' title='bbox 1593 1867 1824 1905; x_wconf 80' lang='lat' dir='ltr'>ambigendum,</span> <span class='ocrx_word' id='word_1_544' title='bbox 1846 1868 1918 1906; x_wconf 92' lang='lat' dir='ltr'>quin</span> <span class='ocrx_word' id='word_1_545' title='bbox 1941 1868 2022 1898; x_wconf 90' lang='lat' dir='ltr'>solus</span> <span class='ocrx_word' id='word_1_546' title='bbox 2044 1868 2082 1897; x_wconf 93' lang='lat' dir='ltr'>de</span> <span class='ocrx_word' id='word_1_547' title='bbox 2097 1868 2248 1906; x_wconf 87' lang='lat' dir='ltr'>praesenti</span> <span class='ocrx_word' id='word_1_548' title='bbox 2269 1876 2429 1897; x_wconf 90' lang='lat' dir='ltr'>consensus</span> 
     </span>
     <span class='ocr_line' id='line_1_70' title="bbox 1480 1916 2428 1955; baseline 0.001 -10"><span class='ocrx_word' id='word_1_549' title='bbox 1480 1916 1652 1954; x_wconf 85' lang='lat' dir='ltr'>coniugium</span> <span class='ocrx_word' id='word_1_550' title='bbox 1676 1916 1802 1951; x_wconf 85' lang='lat' dir='ltr'>efficiat,</span> <span class='ocrx_word' id='word_1_551' title='bbox 1833 1920 1861 1946; x_wconf 88' lang='lat' dir='ltr'>et</span> <span class='ocrx_word' id='word_1_552' title='bbox 1883 1917 1992 1946; x_wconf 78' lang='lat' dir='ltr'>exinde</span> <span class='ocrx_word' id='word_1_553' title='bbox 2015 1917 2077 1946; x_wconf 85' lang='lat' dir='ltr'>veri</span> <span class='ocrx_word' id='word_1_554' title='bbox 2108 1916 2251 1954; x_wconf 85' lang='lat' dir='ltr'>coniuges</span> <span class='ocrx_word' id='word_1_555' title='bbox 2281 1916 2428 1955; x_wconf 85' lang='lat' dir='ltr'>appellen-</span> 
     </span>
     <span class='ocr_line' id='line_1_71' title="bbox 1482 1964 2429 2004; baseline 0 -10"><span class='ocrx_word' id='word_1_556' title='bbox 1482 1968 1538 1994; x_wconf 92' lang='lat' dir='ltr'>tur.</span> <span class='ocrx_word' id='word_1_557' title='bbox 1566 1964 1635 1994; x_wconf 86' lang='lat' dir='ltr'>Ideo</span> <span class='ocrx_word' id='word_1_558' title='bbox 1657 1968 1725 2003; x_wconf 86' lang='lat' dir='ltr'>post</span> <span class='ocrx_word' id='word_1_559' title='bbox 1748 1965 1836 1995; x_wconf 90' lang='lat' dir='ltr'>talem</span> <span class='ocrx_word' id='word_1_560' title='bbox 1864 1973 2044 1995; x_wconf 88' lang='lat' dir='ltr'>consensum</span> <span class='ocrx_word' id='word_1_561' title='bbox 2073 1965 2097 1995; x_wconf 92' lang='lat' dir='ltr'>si</span> <span class='ocrx_word' id='word_1_562' title='bbox 2121 1965 2189 2004; x_wconf 86' lang='lat' dir='ltr'>quis</span> <span class='ocrx_word' id='word_1_563' title='bbox 2218 1965 2267 1994; x_wconf 88' lang='lat' dir='ltr'>alii</span> <span class='ocrx_word' id='word_1_564' title='bbox 2290 1973 2322 1994; x_wconf 85' lang='lat' dir='ltr'>se</span> <span class='ocrx_word' id='word_1_565' title='bbox 2344 1973 2429 2004; x_wconf 84' lang='lat' dir='ltr'>copu-</span> 
     </span>
     <span class='ocr_line' id='line_1_72' title="bbox 1481 2012 2428 2051; baseline 0.001 -9"><span class='ocrx_word' id='word_1_566' title='bbox 1481 2013 1604 2049; x_wconf 86' lang='lat' dir='ltr'>laverit,</span> <span class='ocrx_word' id='word_1_567' title='bbox 1634 2013 1723 2042; x_wconf 86' lang='lat' dir='ltr'>etiam</span> <span class='ocrx_word' id='word_1_568' title='bbox 1746 2013 1770 2042; x_wconf 91' lang='lat' dir='ltr'>si</span> <span class='ocrx_word' id='word_1_569' title='bbox 1794 2013 1894 2042; x_wconf 88' lang='lat' dir='ltr'>carnis</span> <span class='ocrx_word' id='word_1_570' title='bbox 1916 2013 2091 2043; x_wconf 86' lang='lat' dir='ltr'>commixtio</span> <span class='ocrx_word' id='word_1_571' title='bbox 2123 2013 2182 2043; x_wconf 94' lang='lat' dir='ltr'>illic</span> <span class='ocrx_word' id='word_1_572' title='bbox 2205 2016 2366 2051; x_wconf 80' lang='lat' dir='ltr'>sequatur,</span> <span class='ocrx_word' id='word_1_573' title='bbox 2394 2012 2428 2043; x_wconf 86' lang='lat' dir='ltr'>ad</span> 
     </span>
     <span class='ocr_line' id='line_1_73' title="bbox 1479 2061 2061 2100; baseline 0 -10"><span class='ocrx_word' id='word_1_574' title='bbox 1479 2062 1612 2100; x_wconf 89' lang='lat' dir='ltr'>priorem</span> <span class='ocrx_word' id='word_1_575' title='bbox 1635 2061 1775 2100; x_wconf 89' lang='lat' dir='ltr'>copulam</span> <span class='ocrx_word' id='word_1_576' title='bbox 1797 2062 1987 2091; x_wconf 87' lang='lat' dir='ltr'>revocandus</span> <span class='ocrx_word' id='word_1_577' title='bbox 2009 2065 2061 2092; x_wconf 88' lang='lat' dir='ltr'>cst.</span> 
     </span>
    </p>
   </div>
   <div class='ocr_carea' id='block_1_8' title="bbox 2476 135 2483 1437">
    <p class='ocr_par' dir='ltr' id='par_1_10' title="bbox 2476 135 2483 1437">
     <span class='ocr_line' id='line_1_74' title="bbox 2476 135 2483 1437; baseline 0 0"><span class='ocrx_word' id='word_1_578' title='bbox 2476 135 2483 1437; x_wconf 95' lang='lat' dir='ltr'> </span> 
     </span>
    </p>
   </div>
   <div class='ocr_carea' id='block_1_9' title="bbox 753 2202 2134 2259">
    <p class='ocr_par' dir='ltr' id='par_1_11' title="bbox 753 2202 2134 2259">
     <span class='ocr_line' id='line_1_75' title="bbox 753 2202 2134 2259; baseline -0.002 0"><span class='ocrx_word' id='word_1_579' title='bbox 753 2203 1251 2259; x_wconf 72' lang='lat' dir='ltr'><strong>COMMENTARIUS</strong></span> <span class='ocrx_word' id='word_1_580' title='bbox 1290 2204 1359 2257; x_wconf 79' lang='lat' dir='ltr'>[N</span> <span class='ocrx_word' id='word_1_581' title='bbox 1397 2202 1892 2257; x_wconf 73' lang='lat' dir='ltr'><strong>DISTINOTIONEM</strong></span> <span class='ocrx_word' id='word_1_582' title='bbox 1930 2203 2134 2257; x_wconf 85' lang='lat' dir='ltr'>XXVII.</span> 
     </span>
    </p>
   </div>
   <div class='ocr_carea' id='block_1_10' title="bbox 998 2334 1890 2373">
    <p class='ocr_par' dir='ltr' id='par_1_12' title="bbox 998 2334 1890 2373">
     <span class='ocr_line' id='line_1_76' title="bbox 998 2334 1890 2373; baseline -0.003 0"><span class='ocrx_word' id='word_1_583' title='bbox 998 2336 1049 2373; x_wconf 85' lang='lat' dir='ltr'>De</span> <span class='ocrx_word' id='word_1_584' title='bbox 1078 2347 1250 2373; x_wconf 82' lang='lat' dir='ltr'>consensu</span> <span class='ocrx_word' id='word_1_585' title='bbox 1280 2341 1316 2372; x_wconf 85' lang='lat' dir='ltr'>ut</span> <span class='ocrx_word' id='word_1_586' title='bbox 1345 2334 1510 2372; x_wconf 85' lang='lat' dir='ltr'>efficiente</span> <span class='ocrx_word' id='word_1_587' title='bbox 1539 2346 1644 2371; x_wconf 83' lang='lat' dir='ltr'>causa</span> <span class='ocrx_word' id='word_1_588' title='bbox 1673 2334 1890 2371; x_wconf 84' lang='lat' dir='ltr'>matrimonii.</span> 
     </span>
    </p>
   </div>
   <div class='ocr_carea' id='block_1_11' title="bbox 671 2453 2222 2497">
    <p class='ocr_par' dir='ltr' id='par_1_13' title="bbox 671 2453 2222 2497">
     <span class='ocr_line' id='line_1_77' title="bbox 671 2453 2222 2497; baseline -0.002 -9"><span class='ocrx_word' id='word_1_589' title='bbox 671 2457 750 2488; x_wconf 73' lang='lat' dir='ltr'>Post</span> <span class='ocrx_word' id='word_1_590' title='bbox 775 2455 854 2488; x_wconf 65' lang='lat' dir='ltr'>liaeo</span> <span class='ocrx_word' id='word_1_591' title='bbox 878 2455 1116 2487; x_wconf 75' lang='lat' dir='ltr'>adverlendnnz</span> <span class='ocrx_word' id='word_1_592' title='bbox 1141 2460 1205 2492; x_wconf 78' lang='lat' dir='ltr'>est,</span> <span class='ocrx_word' id='word_1_593' title='bbox 1231 2455 1313 2497; x_wconf 75' lang='lat' dir='ltr'>qnid</span> <span class='ocrx_word' id='word_1_594' title='bbox 1339 2454 1383 2486; x_wconf 73' lang='lat' dir='ltr'>sit</span> <span class='ocrx_word' id='word_1_595' title='bbox 1406 2454 1618 2496; x_wconf 70' lang='lat' dir='ltr'>coningyiuni,</span> <span class='ocrx_word' id='word_1_596' title='bbox 1644 2458 1672 2485; x_wconf 73' lang='lat' dir='ltr'>el</span> <span class='ocrx_word' id='word_1_597' title='bbox 1696 2463 1780 2496; x_wconf 78' lang='lat' dir='ltr'>quae</span> <span class='ocrx_word' id='word_1_598' title='bbox 1802 2454 1846 2485; x_wconf 76' lang='lat' dir='ltr'>sit</span> <span class='ocrx_word' id='word_1_599' title='bbox 1869 2453 2009 2496; x_wconf 78' lang='lat' dir='ltr'>efficiens</span> <span class='ocrx_word' id='word_1_600' title='bbox 2033 2464 2139 2486; x_wconf 73' lang='lat' dir='ltr'>cansa</span> <span class='ocrx_word' id='word_1_601' title='bbox 2164 2458 2222 2486; x_wconf 87' lang='lat' dir='ltr'>etc.</span> 
     </span>
    </p>
   </div>
   <div class='ocr_carea' id='block_1_12' title="bbox 1290 2579 1609 2612">
    <p class='ocr_par' dir='ltr' id='par_1_14' title="bbox 1290 2579 1609 2612">
     <span class='ocr_line' id='line_1_78' title="bbox 1290 2579 1609 2612; baseline 0 -1"><span class='ocrx_word' id='word_1_602' title='bbox 1290 2579 1429 2612; x_wconf 82' lang='lat' dir='ltr'>DlVlSlO</span> <span class='ocrx_word' id='word_1_603' title='bbox 1454 2580 1609 2612; x_wconf 85' lang='lat' dir='ltr'>TEXTUS.</span> 
     </span>
    </p>
   </div>
   <div class='ocr_carea' id='block_1_13' title="bbox 460 2692 1419 2997">
    <p class='ocr_par' dir='ltr' id='par_1_15' title="bbox 460 2692 1419 2997">
     <span class='ocr_line' id='line_1_79' title="bbox 549 2692 1417 2734; baseline -0.002 -9"><span class='ocrx_word' id='word_1_604' title='bbox 549 2693 627 2725; x_wconf 83' lang='lat' dir='ltr'>Haec</span> <span class='ocrx_word' id='word_1_605' title='bbox 652 2697 699 2725; x_wconf 87' lang='lat' dir='ltr'>est</span> <span class='ocrx_word' id='word_1_606' title='bbox 724 2693 862 2725; x_wconf 86' lang='lat' dir='ltr'>secunda</span> <span class='ocrx_word' id='word_1_607' title='bbox 887 2701 978 2734; x_wconf 78' lang='lat' dir='ltr'>pars,</span> <span class='ocrx_word' id='word_1_608' title='bbox 1004 2693 1033 2724; x_wconf 88' lang='lat' dir='ltr'>in</span> <span class='ocrx_word' id='word_1_609' title='bbox 1059 2701 1121 2734; x_wconf 88' lang='lat' dir='ltr'>qua</span> <span class='ocrx_word' id='word_1_610' title='bbox 1145 2692 1248 2733; x_wconf 82' lang='lat' dir='ltr'>agitur</span> <span class='ocrx_word' id='word_1_611' title='bbox 1266 2692 1304 2723; x_wconf 92' lang='lat' dir='ltr'>de</span> <span class='ocrx_word' id='word_1_612' title='bbox 1322 2700 1417 2724; x_wconf 82' lang='lat' dir='ltr'>causa</span> 
     </span>
     <span class='ocr_line' id='line_1_80' title="bbox 461 2744 1418 2787; baseline -0.003 -9"><span class='ocrx_word' id='word_1_613' title='bbox 461 2746 613 2778; x_wconf 80' lang='lat' dir='ltr'>efficiente</span> <span class='ocrx_word' id='word_1_614' title='bbox 638 2746 790 2787; x_wconf 82' lang='lat' dir='ltr'>coniugii,</span> <span class='ocrx_word' id='word_1_615' title='bbox 824 2754 905 2787; x_wconf 87' lang='lat' dir='ltr'>quae</span> <span class='ocrx_word' id='word_1_616' title='bbox 936 2745 1065 2786; x_wconf 87' lang='lat' dir='ltr'>quidem</span> <span class='ocrx_word' id='word_1_617' title='bbox 1098 2748 1144 2777; x_wconf 86' lang='lat' dir='ltr'>est</span> <span class='ocrx_word' id='word_1_618' title='bbox 1175 2753 1357 2777; x_wconf 86' lang='lat' dir='ltr'>consensus.</span> <span class='ocrx_word' id='word_1_619' title='bbox 1383 2744 1418 2775; x_wconf 89' lang='lat' dir='ltr'>Et</span> 
     </span>
     <span class='ocr_line' id='line_1_81' title="bbox 461 2797 1417 2840; baseline -0.001 -10"><span class='ocrx_word' id='word_1_620' title='bbox 461 2798 607 2840; x_wconf 84' lang='lat' dir='ltr'>quoniam</span> <span class='ocrx_word' id='word_1_621' title='bbox 633 2807 694 2830; x_wconf 91' lang='lat' dir='ltr'>non</span> <span class='ocrx_word' id='word_1_622' title='bbox 719 2799 820 2830; x_wconf 88' lang='lat' dir='ltr'>omnis</span> <span class='ocrx_word' id='word_1_623' title='bbox 845 2807 1016 2831; x_wconf 86' lang='lat' dir='ltr'>consensus</span> <span class='ocrx_word' id='word_1_624' title='bbox 1037 2798 1110 2830; x_wconf 80' lang='lat' dir='ltr'>facit</span> <span class='ocrx_word' id='word_1_625' title='bbox 1126 2798 1325 2839; x_wconf 83' lang='lat' dir='ltr'>coniugium,</span> <span class='ocrx_word' id='word_1_626' title='bbox 1347 2797 1417 2829; x_wconf 87' lang='lat' dir='ltr'>ideo</span> 
     </span>
     <span class='ocr_line' id='line_1_82' title="bbox 461 2850 1419 2893; baseline -0.002 -10"><span class='ocrx_word' id='word_1_627' title='bbox 461 2852 564 2893; x_wconf 85' lang='lat' dir='ltr'>primo</span> <span class='ocrx_word' id='word_1_628' title='bbox 589 2851 777 2883; x_wconf 83' lang='lat' dir='ltr'>determinat</span> <span class='ocrx_word' id='word_1_629' title='bbox 808 2851 955 2892; x_wconf 83' lang='lat' dir='ltr'>Magister</span> <span class='ocrx_word' id='word_1_630' title='bbox 986 2851 1017 2882; x_wconf 92' lang='lat' dir='ltr'>in</span> <span class='ocrx_word' id='word_1_631' title='bbox 1050 2851 1207 2892; x_wconf 77' lang='lat' dir='ltr'>generali,</span> <span class='ocrx_word' id='word_1_632' title='bbox 1240 2850 1323 2891; x_wconf 88' lang='lat' dir='ltr'>quod</span> <span class='ocrx_word' id='word_1_633' title='bbox 1350 2859 1419 2882; x_wconf 88' lang='lat' dir='ltr'>con-</span> 
     </span>
     <span class='ocr_line' id='line_1_83' title="bbox 460 2903 1419 2944; baseline -0.001 -9"><span class='ocrx_word' id='word_1_634' title='bbox 460 2912 572 2936; x_wconf 87' lang='lat' dir='ltr'>sensus</span> <span class='ocrx_word' id='word_1_635' title='bbox 597 2904 635 2935; x_wconf 88' lang='lat' dir='ltr'>sit</span> <span class='ocrx_word' id='word_1_636' title='bbox 660 2904 851 2935; x_wconf 84' lang='lat' dir='ltr'>matrimonii</span> <span class='ocrx_word' id='word_1_637' title='bbox 877 2912 981 2936; x_wconf 84' lang='lat' dir='ltr'>causa.</span> <span class='ocrx_word' id='word_1_638' title='bbox 1007 2903 1151 2935; x_wconf 86' lang='lat' dir='ltr'>Secundo</span> <span class='ocrx_word' id='word_1_639' title='bbox 1177 2903 1323 2944; x_wconf 86' lang='lat' dir='ltr'>inquirit,</span> <span class='ocrx_word' id='word_1_640' title='bbox 1346 2912 1419 2944; x_wconf 86' lang='lat' dir='ltr'>qua-</span> 
     </span>
     <span class='ocr_line' id='line_1_84' title="bbox 460 2955 1419 2997; baseline -0.001 -9"><span class='ocrx_word' id='word_1_641' title='bbox 460 2956 498 2988; x_wconf 86' lang='lat' dir='ltr'>lis</span> <span class='ocrx_word' id='word_1_642' title='bbox 527 2957 566 2989; x_wconf 90' lang='lat' dir='ltr'>sit</span> <span class='ocrx_word' id='word_1_643' title='bbox 602 2956 653 2988; x_wconf 86' lang='lat' dir='ltr'>ille</span> <span class='ocrx_word' id='word_1_644' title='bbox 690 2965 878 2995; x_wconf 84' lang='lat' dir='ltr'>consensus,</span> <span class='ocrx_word' id='word_1_645' title='bbox 917 2956 997 2988; x_wconf 85' lang='lat' dir='ltr'>infra</span> <span class='ocrx_word' id='word_1_646' title='bbox 1033 2956 1231 2988; x_wconf 81' lang='lat' dir='ltr'>distinetione</span> <span class='ocrx_word' id='word_1_647' title='bbox 1267 2955 1419 2997; x_wconf 79' lang='lat' dir='ltr'>vigesima</span> 
     </span>
    </p>
   </div>
   <div class='ocr_carea' id='block_1_14' title="bbox 1482 2688 2429 2997">
    <p class='ocr_par' dir='ltr' id='par_1_16' title="bbox 1482 2688 2428 2776">
     <span class='ocr_line' id='line_1_85' title="bbox 1482 2688 2428 2733; baseline -0.002 -11"><span class='ocrx_word' id='word_1_648' title='bbox 1482 2694 1606 2723; x_wconf 83' lang='lat' dir='ltr'>octava:</span> <span class='ocrx_word' id='word_1_649' title='bbox 1634 2691 1695 2722; x_wconf 78' lang='lat' dir='ltr'>Hie</span> <span class='ocrx_word' id='word_1_650' title='bbox 1718 2690 1838 2733; x_wconf 70' lang='lat' dir='ltr'>qttdei‘i</span> <span class='ocrx_word' id='word_1_651' title='bbox 1860 2690 1955 2728; x_wconf 73' lang='lat' dir='ltr'>debet,</span> <span class='ocrx_word' id='word_1_652' title='bbox 1983 2695 2098 2722; x_wconf 48' lang='lat' dir='ltr'>&#39;utria-ni</span> <span class='ocrx_word' id='word_1_653' title='bbox 2123 2700 2299 2722; x_wconf 74' lang='lat' dir='ltr'>consensus</span> <span class='ocrx_word' id='word_1_654' title='bbox 2322 2690 2359 2721; x_wconf 82' lang='lat' dir='ltr'>de</span> <span class='ocrx_word' id='word_1_655' title='bbox 2380 2688 2428 2731; x_wconf 75' lang='lat' dir='ltr'>fu-</span> 
     </span>
     <span class='ocr_line' id='line_1_86' title="bbox 1483 2748 1638 2776; baseline -0.006 -1"><span class='ocrx_word' id='word_1_656' title='bbox 1483 2748 1557 2775; x_wconf 70' lang='lat' dir='ltr'>tzt‘ro</span> <span class='ocrx_word' id='word_1_657' title='bbox 1582 2748 1638 2776; x_wconf 85' lang='lat' dir='ltr'>etc.</span> 
     </span>
    </p>

    <p class='ocr_par' dir='ltr' id='par_1_17' title="bbox 1483 2795 2429 2997">
     <span class='ocr_line' id='line_1_87' title="bbox 1571 2795 2428 2838; baseline -0.002 -10"><span class='ocrx_word' id='word_1_658' title='bbox 1571 2797 1673 2828; x_wconf 86' lang='lat' dir='ltr'>Prima</span> <span class='ocrx_word' id='word_1_659' title='bbox 1697 2805 1771 2838; x_wconf 83' lang='lat' dir='ltr'>pars</span> <span class='ocrx_word' id='word_1_660' title='bbox 1800 2796 1894 2829; x_wconf 81' lang='lat' dir='ltr'>babet</span> <span class='ocrx_word' id='word_1_661' title='bbox 1927 2797 2015 2829; x_wconf 87' lang='lat' dir='ltr'>duas.</span> <span class='ocrx_word' id='word_1_662' title='bbox 2048 2797 2080 2828; x_wconf 93' lang='lat' dir='ltr'>ln</span> <span class='ocrx_word' id='word_1_663' title='bbox 2112 2797 2215 2838; x_wconf 88' lang='lat' dir='ltr'>prima</span> <span class='ocrx_word' id='word_1_664' title='bbox 2247 2795 2428 2829; x_wconf 80' lang='lat' dir='ltr'>determinat</span> 
     </span>
     <span class='ocr_line' id='line_1_88' title="bbox 1483 2848 2429 2892; baseline -0.001 -11"><span class='ocrx_word' id='word_1_665' title='bbox 1483 2849 1522 2881; x_wconf 86' lang='lat' dir='ltr'>de</span> <span class='ocrx_word' id='word_1_666' title='bbox 1540 2849 1608 2890; x_wconf 86' lang='lat' dir='ltr'>ipso</span> <span class='ocrx_word' id='word_1_667' title='bbox 1625 2849 1769 2891; x_wconf 81' lang='lat' dir='ltr'>coniugio</span> <span class='ocrx_word' id='word_1_668' title='bbox 1786 2853 1938 2891; x_wconf 88' lang='lat' dir='ltr'>qnantum</span> <span class='ocrx_word' id='word_1_669' title='bbox 1957 2850 1995 2882; x_wconf 84' lang='lat' dir='ltr'>ad</span> <span class='ocrx_word' id='word_1_670' title='bbox 2014 2850 2230 2892; x_wconf 87' lang='lat' dir='ltr'>quidditatem.</span> <span class='ocrx_word' id='word_1_671' title='bbox 2250 2850 2279 2882; x_wconf 93' lang='lat' dir='ltr'>ln</span> <span class='ocrx_word' id='word_1_672' title='bbox 2298 2848 2429 2882; x_wconf 83' lang='lat' dir='ltr'>secunda</span> 
     </span>
     <span class='ocr_line' id='line_1_89' title="bbox 1484 2902 2428 2946; baseline -0.001 -13"><span class='ocrx_word' id='word_1_673' title='bbox 1484 2911 1560 2934; x_wconf 88' lang='lat' dir='ltr'>vero</span> <span class='ocrx_word' id='word_1_674' title='bbox 1585 2906 1736 2943; x_wconf 83' lang='lat' dir='ltr'>quantum</span> <span class='ocrx_word' id='word_1_675' title='bbox 1763 2903 1801 2934; x_wconf 86' lang='lat' dir='ltr'>ad</span> <span class='ocrx_word' id='word_1_676' title='bbox 1827 2903 2061 2941; x_wconf 81' lang='lat' dir='ltr'>causalitatem,</span> <span class='ocrx_word' id='word_1_677' title='bbox 2079 2902 2138 2934; x_wconf 85' lang='lat' dir='ltr'>ibi:</span> <span class='ocrx_word' id='word_1_678' title='bbox 2158 2902 2308 2946; x_wconf 77' lang='lat' dir='ltr'>Efficiens</span> <span class='ocrx_word' id='word_1_679' title='bbox 2324 2904 2428 2933; x_wconf 73' lang='lat' dir='ltr'>autem</span> 
     </span>
     <span class='ocr_line' id='line_1_90' title="bbox 1483 2952 2426 2997; baseline -0.002 -11"><span class='ocrx_word' id='word_1_680' title='bbox 1483 2964 1589 2986; x_wconf 75' lang='lat' dir='ltr'>cansa</span> <span class='ocrx_word' id='word_1_681' title='bbox 1613 2955 1824 2987; x_wconf 70' lang='lat' dir='ltr'>matrimonii</span> <span class='ocrx_word' id='word_1_682' title='bbox 1852 2959 1908 2988; x_wconf 83' lang='lat' dir='ltr'>ete.</span> <span class='ocrx_word' id='word_1_683' title='bbox 1942 2956 1973 2987; x_wconf 94' lang='lat' dir='ltr'>In</span> <span class='ocrx_word' id='word_1_684' title='bbox 2006 2956 2109 2997; x_wconf 83' lang='lat' dir='ltr'>prima</span> <span class='ocrx_word' id='word_1_685' title='bbox 2141 2958 2229 2997; x_wconf 86' lang='lat' dir='ltr'>parte</span> <span class='ocrx_word' id='word_1_686' title='bbox 2261 2955 2323 2987; x_wconf 87' lang='lat' dir='ltr'>duo</span> <span class='ocrx_word' id='word_1_687' title='bbox 2351 2952 2426 2986; x_wconf 84' lang='lat' dir='ltr'>facit.</span> 
     </span>
    </p>
   </div>
   <div class='ocr_carea' id='block_1_15' title="bbox 1156 3062 1738 3066">
    <p class='ocr_par' dir='ltr' id='par_1_18' title="bbox 1156 3062 1738 3066">
     <span class='ocr_line' id='line_1_91' title="bbox 1156 3062 1738 3066; baseline 0 0"><span class='ocrx_word' id='word_1_688' title='bbox 1156 3062 1738 3066; x_wconf 95' lang='lat' dir='ltr'> </span> 
     </span>
    </p>
   </div>
   <div class='ocr_carea' id='block_1_16' title="bbox 463 3137 1418 3390">
    <p class='ocr_par' dir='ltr' id='par_1_19' title="bbox 463 3137 1418 3215">
     <span class='ocr_line' id='line_1_92' title="bbox 535 3137 1418 3171; baseline 0 -9"><span class='ocrx_word' id='word_1_689' title='bbox 535 3137 541 3153; x_wconf 83' lang='lat'><strong>¹</strong></span> <span class='ocrx_word' id='word_1_690' title='bbox 564 3138 638 3163; x_wconf 76' lang='lat' dir='ltr'>solae</span> <span class='ocrx_word' id='word_1_691' title='bbox 658 3138 731 3169; x_wconf 73' lang='lat' dir='ltr'>edd.⁷</span> <span class='ocrx_word' id='word_1_692' title='bbox 753 3142 858 3169; x_wconf 75' lang='lat' dir='ltr'>excepta</span> <span class='ocrx_word' id='word_1_693' title='bbox 882 3139 908 3169; x_wconf 72' lang='lat' dir='ltr'>i,</span> <span class='ocrx_word' id='word_1_694' title='bbox 931 3138 1002 3164; x_wconf 79' lang='lat' dir='ltr'>Haec</span> <span class='ocrx_word' id='word_1_695' title='bbox 1021 3138 1100 3164; x_wconf 73' lang='lat' dir='ltr'>etium</span> <span class='ocrx_word' id='word_1_696' title='bbox 1119 3144 1216 3171; x_wconf 80' lang='lat' dir='ltr'>sponsa</span> <span class='ocrx_word' id='word_1_697' title='bbox 1237 3139 1281 3163; x_wconf 56' lang='grc' dir='ltr'>θεῖ.</span> <span class='ocrx_word' id='word_1_698' title='bbox 1302 3138 1361 3170; x_wconf 80' lang='lat' dir='ltr'>Seq.</span> <span class='ocrx_word' id='word_1_699' title='bbox 1386 3138 1418 3162; x_wconf 91' lang='lat' dir='ltr'>lo-</span> 
     </span>
     <span class='ocr_line' id='line_1_93' title="bbox 463 3181 1074 3215; baseline 0.002 -10"><span class='ocrx_word' id='word_1_700' title='bbox 463 3188 508 3205; x_wconf 69' lang='lat' dir='ltr'>eus</span> <span class='ocrx_word' id='word_1_701' title='bbox 528 3184 565 3206; x_wconf 88' lang='lat' dir='ltr'>est</span> <span class='ocrx_word' id='word_1_702' title='bbox 583 3181 611 3206; x_wconf 92' lang='lat' dir='ltr'>C.</span> <span class='ocrx_word' id='word_1_703' title='bbox 634 3181 663 3207; x_wconf 85' lang='lat' dir='ltr'>Si</span> <span class='ocrx_word' id='word_1_704' title='bbox 682 3181 741 3214; x_wconf 70' lang='lat' dir='ltr'>quis</span> <span class='ocrx_word' id='word_1_705' title='bbox 761 3188 889 3215; x_wconf 79' lang='lat' dir='ltr'>sponsam</span> <span class='ocrx_word' id='word_1_706' title='bbox 909 3182 990 3215; x_wconf 64' lang='lat'>(32),</span> <span class='ocrx_word' id='word_1_707' title='bbox 1012 3182 1074 3207; x_wconf 84' lang='lat' dir='ltr'>ibid.</span> 
     </span>
    </p>

    <p class='ocr_par' dir='ltr' id='par_1_20' title="bbox 532 3224 1131 3259">
     <span class='ocr_line' id='line_1_94' title="bbox 532 3224 1131 3259; baseline 0.003 -10"><span class='ocrx_word' id='word_1_708' title='bbox 532 3225 542 3241; x_wconf 73' lang='lat'>2</span> <span class='ocrx_word' id='word_1_709' title='bbox 563 3224 622 3250; x_wconf 81' lang='lat' dir='ltr'>Can.</span> <span class='ocrx_word' id='word_1_710' title='bbox 646 3225 760 3256; x_wconf 75' lang='lat' dir='ltr'>Quidam</span> <span class='ocrx_word' id='word_1_711' title='bbox 780 3226 948 3259; x_wconf 72' lang='lat' dir='ltr'>desponsavit</span> <span class='ocrx_word' id='word_1_712' title='bbox 968 3226 1048 3258; x_wconf 79' lang='grc'>(31),</span> <span class='ocrx_word' id='word_1_713' title='bbox 1070 3226 1131 3251; x_wconf 88' lang='lat' dir='ltr'>ibid.</span> 
     </span>
    </p>

    <p class='ocr_par' dir='ltr' id='par_1_21' title="bbox 465 3268 1417 3342">
     <span class='ocr_line' id='line_1_95' title="bbox 534 3268 1417 3303; baseline 0.001 -9"><span class='ocrx_word' id='word_1_714' title='bbox 534 3268 545 3284; x_wconf 77' lang='lat'>³</span> <span class='ocrx_word' id='word_1_715' title='bbox 564 3268 623 3294; x_wconf 85' lang='lat' dir='ltr'>Can.</span> <span class='ocrx_word' id='word_1_716' title='bbox 644 3269 781 3295; x_wconf 74' lang='lat' dir='ltr'>Statutnm</span> <span class='ocrx_word' id='word_1_717' title='bbox 801 3272 839 3295; x_wconf 78' lang='lat' dir='ltr'>est</span> <span class='ocrx_word' id='word_1_718' title='bbox 858 3270 938 3302; x_wconf 57' lang='grc'>(3.1),</span> <span class='ocrx_word' id='word_1_719' title='bbox 959 3270 1020 3295; x_wconf 86' lang='lat' dir='ltr'>ibid.</span> <span class='ocrx_word' id='word_1_720' title='bbox 1042 3271 1100 3303; x_wconf 83' lang='lat' dir='ltr'>Seq.</span> <span class='ocrx_word' id='word_1_721' title='bbox 1121 3271 1193 3296; x_wconf 89' lang='lat' dir='ltr'>locus</span> <span class='ocrx_word' id='word_1_722' title='bbox 1213 3273 1250 3295; x_wconf 83' lang='lat' dir='ltr'>est</span> <span class='ocrx_word' id='word_1_723' title='bbox 1269 3271 1339 3302; x_wconf 86' lang='lat' dir='ltr'>apud</span> <span class='ocrx_word' id='word_1_724' title='bbox 1358 3270 1417 3295; x_wconf 88' lang='lat' dir='ltr'>Gra-</span> 
     </span>
     <span class='ocr_line' id='line_1_96' title="bbox 465 3311 871 3342; baseline 0.01 -8"><span class='ocrx_word' id='word_1_725' title='bbox 465 3311 522 3335; x_wconf 65' lang='grc'>111111.</span> <span class='ocrx_word' id='word_1_726' title='bbox 543 3318 621 3342; x_wconf 77' lang='lat' dir='ltr'>super</span> <span class='ocrx_word' id='word_1_727' title='bbox 641 3313 717 3337; x_wconf 88' lang='lat' dir='ltr'>eund.</span> <span class='ocrx_word' id='word_1_728' title='bbox 738 3320 871 3338; x_wconf 83' lang='lat' dir='ltr'>canonem.</span> 
     </span>
    </p>

    <p class='ocr_par' dir='ltr' id='par_1_22' title="bbox 534 3353 1414 3390">
     <span class='ocr_line' id='line_1_97' title="bbox 534 3353 1414 3390; baseline 0.007 -12"><span class='ocrx_word' id='word_1_729' title='bbox 534 3353 544 3369; x_wconf 86' lang='lat'>⁴</span> <span class='ocrx_word' id='word_1_730' title='bbox 564 3356 681 3386; x_wconf 78' lang='lat' dir='ltr'>August.⁷</span> <span class='ocrx_word' id='word_1_731' title='bbox 693 3356 753 3381; x_wconf 72' lang='lat' dir='ltr'>vili.</span> <span class='ocrx_word' id='word_1_732' title='bbox 767 3356 880 3382; x_wconf 75' lang='lat' dir='ltr'>Confess.</span> <span class='ocrx_word' id='word_1_733' title='bbox 898 3364 918 3382; x_wconf 82' lang='lat' dir='ltr'>c.</span> <span class='ocrx_word' id='word_1_734' title='bbox 940 3358 963 3382; x_wconf 87' lang='lat'>3.</span> <span class='ocrx_word' id='word_1_735' title='bbox 985 3365 1008 3382; x_wconf 90' lang='lat' dir='ltr'>n.</span> <span class='ocrx_word' id='word_1_736' title='bbox 1030 3358 1057 3388; x_wconf 73' lang='lat'>73</span> <span class='ocrx_word' id='word_1_737' title='bbox 1075 3358 1101 3383; x_wconf 88' lang='lat' dir='ltr'>C.</span> <span class='ocrx_word' id='word_1_738' title='bbox 1117 3357 1271 3384; x_wconf 68' lang='lat' dir='ltr'>Instinctam</span> <span class='ocrx_word' id='word_1_739' title='bbox 1286 3360 1325 3384; x_wconf 74' lang='lat' dir='ltr'>est</span> <span class='ocrx_word' id='word_1_740' title='bbox 1337 3358 1414 3390; x_wconf 75' lang='grc'>(39),</span> 
     </span>
    </p>
   </div>
   <div class='ocr_carea' id='block_1_17' title="bbox 1447 3137 1450 3241">
    <p class='ocr_par' dir='ltr' id='par_1_23' title="bbox 1447 3137 1450 3241">
     <span class='ocr_line' id='line_1_98' title="bbox 1447 3137 1450 3241; baseline 0 641"><span class='ocrx_word' id='word_1_741' title='bbox 1447 3137 1450 3241; x_wconf 95' lang='lat' dir='ltr'> </span> 
     </span>
    </p>
   </div>
   <div class='ocr_carea' id='block_1_18' title="bbox 1447 3244 1450 3385">
    <p class='ocr_par' dir='ltr' id='par_1_24' title="bbox 1447 3244 1450 3385">
     <span class='ocr_line' id='line_1_99' title="bbox 1447 3244 1450 3385; baseline 0 497"><span class='ocrx_word' id='word_1_742' title='bbox 1447 3244 1450 3385; x_wconf 95' lang='lat' dir='ltr'> </span> 
     </span>
    </p>
   </div>
   <div class='ocr_carea' id='block_1_19' title="bbox 1480 3137 2428 3345">
    <p class='ocr_par' dir='ltr' id='par_1_25' title="bbox 1480 3137 2428 3257">
     <span class='ocr_line' id='line_1_100' title="bbox 1482 3137 2426 3169; baseline -0.004 -7"><span class='ocrx_word' id='word_1_743' title='bbox 1482 3138 1545 3163; x_wconf 87' lang='lat' dir='ltr'>ibid.</span> <span class='ocrx_word' id='word_1_744' title='bbox 1567 3153 1601 3156; x_wconf 94' lang='lat'>—</span> <span class='ocrx_word' id='word_1_745' title='bbox 1621 3138 1655 3163; x_wconf 89' lang='lat' dir='ltr'>lbi</span> <span class='ocrx_word' id='word_1_746' title='bbox 1677 3138 1752 3163; x_wconf 85' lang='lat' dir='ltr'>codd.</span> <span class='ocrx_word' id='word_1_747' title='bbox 1773 3142 1798 3164; x_wconf 87' lang='lat' dir='ltr'>et</span> <span class='ocrx_word' id='word_1_748' title='bbox 1817 3138 1890 3169; x_wconf 73' lang='lat' dir='ltr'>edd,</span> <span class='ocrx_word' id='word_1_749' title='bbox 1911 3142 2016 3169; x_wconf 83' lang='lat' dir='ltr'>excepta</span> <span class='ocrx_word' id='word_1_750' title='bbox 2037 3138 2066 3169; x_wconf 79' lang='lat'>8,</span> <span class='ocrx_word' id='word_1_751' title='bbox 2087 3138 2150 3163; x_wconf 83' lang='lat' dir='ltr'>falso</span> <span class='ocrx_word' id='word_1_752' title='bbox 2171 3138 2288 3163; x_wconf 86' lang='lat' dir='ltr'>omittunt</span> <span class='ocrx_word' id='word_1_753' title='bbox 2301 3142 2354 3162; x_wconf 85' lang='lat' dir='ltr'>non</span> <span class='ocrx_word' id='word_1_754' title='bbox 2373 3137 2426 3160; x_wconf 79' lang='lat' dir='ltr'>ante</span> 
     </span>
     <span class='ocr_line' id='line_1_101' title="bbox 1480 3180 2428 3215; baseline -0.005 -8"><span class='ocrx_word' id='word_1_755' title='bbox 1480 3181 1635 3215; x_wconf 76' lang='lat' dir='ltr'>suspiravit,</span> <span class='ocrx_word' id='word_1_756' title='bbox 1658 3183 1803 3213; x_wconf 79' lang='lat' dir='ltr'>refragante</span> <span class='ocrx_word' id='word_1_757' title='bbox 1823 3188 1921 3206; x_wconf 84' lang='lat' dir='ltr'>canone</span> <span class='ocrx_word' id='word_1_758' title='bbox 1935 3185 1959 3207; x_wconf 86' lang='lat' dir='ltr'>et</span> <span class='ocrx_word' id='word_1_759' title='bbox 1972 3182 2089 3213; x_wconf 85' lang='lat' dir='ltr'>originali</span> <span class='ocrx_word' id='word_1_760' title='bbox 2104 3181 2247 3212; x_wconf 85' lang='lat' dir='ltr'>Augustini.</span> <span class='ocrx_word' id='word_1_761' title='bbox 2262 3193 2296 3198; x_wconf 94' lang='lat'>—</span> <span class='ocrx_word' id='word_1_762' title='bbox 2309 3180 2344 3204; x_wconf 87' lang='lat' dir='ltr'>De</span> <span class='ocrx_word' id='word_1_763' title='bbox 2357 3184 2428 3210; x_wconf 85' lang='lat' dir='ltr'>seqq.</span> 
     </span>
     <span class='ocr_line' id='line_1_102' title="bbox 1481 3221 2382 3257; baseline -0.004 -7"><span class='ocrx_word' id='word_1_764' title='bbox 1481 3226 1526 3250; x_wconf 81' lang='lat' dir='ltr'>cfr.</span> <span class='ocrx_word' id='word_1_765' title='bbox 1549 3227 1660 3251; x_wconf 78' lang='lat' dir='ltr'>Gratian.</span> <span class='ocrx_word' id='word_1_766' title='bbox 1681 3233 1761 3257; x_wconf 84' lang='lat' dir='ltr'>super</span> <span class='ocrx_word' id='word_1_767' title='bbox 1780 3225 1806 3251; x_wconf 90' lang='lat' dir='ltr'>C.</span> <span class='ocrx_word' id='word_1_768' title='bbox 1829 3225 1906 3256; x_wconf 75' lang='lat' dir='ltr'>Quod</span> <span class='ocrx_word' id='word_1_769' title='bbox 1924 3226 2014 3251; x_wconf 71' lang='lat' dir='ltr'>autem</span> <span class='ocrx_word' id='word_1_770' title='bbox 2034 3223 2207 3257; x_wconf 59' lang='lat' dir='ltr'>interrogasti</span> <span class='ocrx_word' id='word_1_771' title='bbox 2225 3223 2301 3255; x_wconf 77' lang='lat'>(29.),</span> <span class='ocrx_word' id='word_1_772' title='bbox 2324 3221 2382 3247; x_wconf 84' lang='lat' dir='ltr'>ibid.</span> 
     </span>
    </p>

    <p class='ocr_par' dir='ltr' id='par_1_26' title="bbox 1482 3261 2427 3345">
     <span class='ocr_line' id='line_1_103' title="bbox 1551 3261 2427 3301; baseline -0.006 -7"><span class='ocrx_word' id='word_1_773' title='bbox 1551 3269 1562 3285; x_wconf 81' lang='grc'>5</span> <span class='ocrx_word' id='word_1_774' title='bbox 1581 3268 1641 3294; x_wconf 88' lang='lat' dir='ltr'>Can.</span> <span class='ocrx_word' id='word_1_775' title='bbox 1665 3268 1804 3295; x_wconf 76' lang='lat' dir='ltr'>Valentino</span> <span class='ocrx_word' id='word_1_776' title='bbox 1824 3268 1902 3301; x_wconf 76' lang='grc'>(20),</span> <span class='ocrx_word' id='word_1_777' title='bbox 1924 3269 1948 3293; x_wconf 87' lang='lat' dir='ltr'>d.</span> <span class='ocrx_word' id='word_1_778' title='bbox 1969 3268 2019 3299; x_wconf 80' lang='lat'>34;</span> <span class='ocrx_word' id='word_1_779' title='bbox 2040 3268 2084 3293; x_wconf 78' lang='lat' dir='ltr'>cfr.</span> <span class='ocrx_word' id='word_1_780' title='bbox 2105 3267 2131 3293; x_wconf 88' lang='lat' dir='ltr'>C.</span> <span class='ocrx_word' id='word_1_781' title='bbox 2152 3266 2272 3293; x_wconf 79' lang='lat' dir='ltr'>Debitum</span> <span class='ocrx_word' id='word_1_782' title='bbox 2288 3261 2427 3299; x_wconf 70' lang='lat' dir='ltr'>pastoralis</span> 
     </span>
     <span class='ocr_line' id='line_1_104' title="bbox 1482 3311 2268 3345; baseline -0.003 -8"><span class='ocrx_word' id='word_1_783' title='bbox 1482 3313 1553 3345; x_wconf 70' lang='lat'>(5.&gt;;</span> <span class='ocrx_word' id='word_1_784' title='bbox 1564 3313 1595 3338; x_wconf 75' lang='lat' dir='ltr'>X.</span> <span class='ocrx_word' id='word_1_785' title='bbox 1616 3313 1649 3338; x_wconf 84' lang='lat' dir='ltr'>(le</span> <span class='ocrx_word' id='word_1_786' title='bbox 1670 3314 1781 3344; x_wconf 82' lang='lat' dir='ltr'>Bignmis</span> <span class='ocrx_word' id='word_1_787' title='bbox 1801 3319 1851 3337; x_wconf 90' lang='lat' dir='ltr'>non</span> <span class='ocrx_word' id='word_1_788' title='bbox 1872 3312 2036 3343; x_wconf 68' lang='lat' dir='ltr'>ordinandis,</span> <span class='ocrx_word' id='word_1_789' title='bbox 2058 3311 2116 3336; x_wconf 86' lang='lat' dir='ltr'>libr.</span> <span class='ocrx_word' id='word_1_790' title='bbox 2137 3312 2151 3336; x_wconf 89' lang='lat' dir='ltr'>l.</span> <span class='ocrx_word' id='word_1_791' title='bbox 2172 3312 2206 3337; x_wconf 88' lang='lat' dir='ltr'>tit.</span> <span class='ocrx_word' id='word_1_792' title='bbox 2227 3311 2268 3335; x_wconf 75' lang='lat'>21.</span> 
     </span>
    </p>
   </div>
  </div>
 </body>
</html>
