2483 3882
887 240 979 272 DlST.
1005 241 1073 273 ΧΗ.
1099 241 1219 274 ΒΗΒΙΑ.

1974 245 2037 278 863

725 407 833 440 ΒΠΒΙΑ
859 408 964 440 CIRCA
989 409 1175 441 LITTERAM
1200 410 1381 443 MAGISTRI.

484 516 558 548 Duss.
584 517 603 547 l.

157 623 188 654 lu
214 626 303 664 parte
327 622 385 654 ista
416 625 489 653 sunt
518 621 728 654 dubitationes
760 622 843 654 circa
869 622 1019 662 litteram,

69 679 98 708 et
122 675 224 717 primo
256 675 295 707 de
320 675 378 707 boc
409 674 493 716 quod
519 674 607 713 dicit,
633 674 717 716 quod
747 674 892 707 Ecclesia
925 674 1019 716 infra

66 727 254 770 praedictos
275 727 407 768 9radus
434 732 579 768 separat.
605 727 749 763 Ponatur,
774 727 857 768 quod
886 727 1019 759 Ecclesia

68 781 197 822 decepta
220 780 342 821 aliquos
364 783 504 820 separet,
522 783 552 811 et
576 779 775 821 postmodum
802 780 1019 811 manifestetur

68 834 224 875 decepti03
249 833 423 874 quaeritur,
449 836 556 864 utrum
583 832 660 864 tales
684 832 746 864 sint
770 833 965 874 reiungendi.
985 833 1019 864 Et

67 887 150 928 quod
182 886 249 924 sic,
283 886 424 918 videtur:
451 886 524 927 quia
549 886 704 928 separatio
728 895 783 927 per
810 885 1016 918 iniustitiam¹

66 939 146 972 facta
162 943 222 971 est:
245 948 320 980 ergo
337 938 473 977 videtur,
490 938 574 980 quod
593 938 680 970 nullo
697 939 791 971 modo
808 939 905 980 possit
921 942 1018 977 stare,

66 1001 137 1025 cum
163 992 397 1031 manifestatur,
422 991 613 1033 praecedens
641 991 793 1024 iudicium
821 991 917 1024 fuisse
943 991 1019 1023 iniu-

67 1050 159 1078 stum.
185 1064 228 1067 —
255 1044 378 1076 Contra
403 1044 461 1076 hoc
485 1047 548 1083 est,
573 1045 647 1086 quia
671 1044 819 1085 possibile
844 1048 908 1083 est,
933 1043 1016 1086 quod

66 1098 180 1139 aliquis
199 1102 266 1138 post
284 1097 510 1138 separationem
530 1097 560 1128 in
578 1097 654 1129 facie
679 1097 832 1129 Ecclesiae
850 1097 904 1128 fiat
921 1105 1020 1129 sacer-

66 1151 136 1189 dos,
155 1151 203 1182 rel
228 1150 408 1191 religiosus3
425 1150 480 1182 sed
500 1149 568 1182 talis
586 1159 645 1181 non
664 1153 766 1191 potest
790 1149 906 1181 habere
923 1158 1016 1181 usum

66 1203 274 1236 matrimonii:
300 1212 375 1245 ergo
400 1212 460 1234 non
486 1203 578 1235 debet
602 1203 629 1235 ei
656 1203 787 1235 restitui.

154 1257 244 1289 quta
270 1256 327 1288 hoc
351 1256 526 1297 quaeritur,
550 1256 676 1298 quando
700 1260 731 1288 et
755 1255 889 1298 qualiter
910 1255 949 1288 sit
974 1264 1018 1288 re-

0 1323 52 1346 oin·
65 1311 184 1343 stitutio
209 1309 266 1341 viri
294 1309 435 1341 facienda
459 1309 571 1348 uxori,
597 1309 644 1341 vel
671 1318 687 1341 e
711 1318 872 1341 converso.

0 1366 4 1372 '
154 1364 350 1394 RESPONDEO:
366 1361 554 1400 Dicendum,
568 1362 651 1403 quod
668 1362 697 1393 in
717 1361 768 1393 tali
784 1371 859 1393 casu
877 1361 1018 1393 facienda

64 1421 110 1450 est
135 1416 306 1448 restitutio:
333 1415 479 1456 quoniam
508 1415 642 1447 Ecclesia
667 1415 795 1456 decepta
821 1414 896 1449 fuit.
924 1419 954 1446 et
978 1414 1019 1446 al-

64 1475 130 1503 tera
155 1477 362 1511 personarum
389 1468 502 1500 iniuste
526 1468 715 1509 exspoliata,
740 1471 770 1500 et
794 1467 941 1509 quoniam
968 1468 1018 1499 Ec-

64 1523 158 1556 clesia
181 1527 282 1565 potest
306 1526 336 1555 et
361 1521 454 1554 debet
478 1529 619 1553 errorem
645 1521 803 1562 corrigere
832 1525 862 1552 et
890 1520 1018 1552 nonde-

64 1577 116 1609 bet
139 1576 276 1618 aliquam
305 1583 471 1616 personam
498 1574 567 1605 iure
592 1583 648 1606 suo
673 1573 842 1615 privare2:
862 1573 949 1611 ideo,
968 1573 1018 1605 de-

64 1629 205 1670 ceptione
223 1629 360 1669 cognita,
385 1627 409 1659 si
427 1627 516 1665 alter,
534 1626 586 1668 qui
605 1627 720 1658 iniuste
744 1626 940 1667 exspoliatus
957 1629 1017 1664 est,

63 1686 165 1724 petat,
191 1681 283 1714 debet
307 1681 494 1718 restituere,
520 1683 549 1711 et
575 1679 597 1712 si
624 1680 752 1711 intravit
781 1679 962 1721 religionem
987 1682 1018 1712 et

17 1749 19 1751 ·
63 1739 170 1767 votum
196 1734 313 1772 emisit,
337 1737 440 1775 potest
465 1732 605 1765 debitum
632 1732 785 1770 reddere,
811 1732 864 1765 sed
890 1742 950 1764 non
968 1733 1018 1765 de-

63 1789 115 1821 bet
138 1797 195 1820 nec
213 1791 314 1829 potest
337 1786 483 1828 exiqere,
501 1786 648 1828 quoniam
670 1786 819 1827 obligavit
836 1794 868 1818 se
892 1786 931 1817 ad
949 1795 1017 1818 con-

65 1840 241 1879 tinentiam,
266 1843 418 1881 quantum
444 1843 491 1871 est
514 1838 545 1870 in
570 1847 602 1870 se
617 1838 637 1869 ³.

153 1893 242 1935 Quod
257 1893 431 1934 quaeritur,
448 1891 574 1933 quando
591 1895 620 1923 et
634 1891 791 1933 quomodo
809 1891 920 1923 debeat
933 1900 1017 1923 uxor

1 1958 49 1978 aest.
66 1946 187 1979 restitui
215 1946 297 1984 viro,
321 1949 376 1977 aut
396 1954 412 1976 e
430 1953 599 1983 converso;
624 1944 807 1982 dicendum,
832 1944 914 1985 quod
933 1953 1017 1976 uxor

0 2009 50 2031 acuo
64 2003 119 2032 aut
141 1999 205 2041 agit
229 1999 297 2030 iure
311 1997 480 2039 petitorio,
505 2000 559 2029 aut
576 1997 779 2038 possessorio
793 1996 814 2027 ⁴.
840 1997 927 2029 Tunc
954 1996 1018 2038 agit

60 2051 224 2094 petitorio,
249 2050 375 2093 quando
408 2050 501 2090 dicit,
533 2050 669 2092 aliquem
704 2050 760 2082 sibi
786 2050 959 2082 adiudicari
986 2050 1016 2081 in

63 2106 211 2138 maritum
224 2131 231 2144 ,
248 2104 395 2146 quoniam
421 2112 493 2135 cum
511 2112 548 2136 ea
572 2103 749 2135 contraxit.
767 2103 853 2135 Tunc
870 2103 933 2144 agit
948 2113 1018 2144 pos-

62 2158 203 2191 sessorio
228 2157 353 2195 iudiciO,
378 2157 505 2198 quando
530 2156 624 2198 petit,
649 2156 785 2198 aliquem
804 2156 861 2188 sibi
880 2156 1017 2194 restitui,

63 2221 120 2254 pro
143 2221 180 2244 eo
204 2211 287 2253 quod
313 2211 361 2242 vir
385 2210 453 2242 eius
470 2209 528 2241 fuit
551 2213 581 2241 et
605 2218 728 2241 cumea
752 2208 1017 2241 cohabitavit.—

0 2259 94 2296 ictio-Si
119 2264 182 2306 agit
202 2263 374 2305 petitorio,
400 2266 430 2295 et
454 2262 502 2294 vir
525 2262 679 2304 excipiat3
705 2262 807 2304 primo
831 2262 1018 2294 tractabitur

63 2317 206 2358 exceptio
231 2316 352 2355 mariti,
376 2320 544 2357 antequam
574 2315 627 2347 fiat
651 2315 807 2348 restitutio
832 2315 897 2348 sive
921 2324 1016 2357 quam

64 2370 195 2403 satisfiat
219 2369 379 2411 petitioni,
404 2378 462 2410 pro
493 2377 530 2400 eo
554 2369 639 2410 quod
670 2369 802 2410 probata
833 2369 1017 2410 exceptione

65 2424 186 2462 mariti,
211 2423 235 2455 si
260 2427 345 2455 recta
369 2426 433 2460 est,
464 2421 645 2463 principalis
670 2422 811 2463 quaestio
841 2422 1016 2463 perimitur.

0 2484 52 2506 ictio-
64 2476 94 2509 Si
122 2485 198 2508 vero
225 2475 289 2517 agit
315 2474 536 2516 possessorio,
560 2474 776 2507 restituendus
798 2478 846 2507 est
870 2475 1017 2514 mulieri,

65 2530 157 2562 etiam
183 2533 351 2570 antequam
377 2528 529 2570 probetur
555 2527 708 2569 excepti0,
726 2528 836 2566 Extra,
862 2528 900 2560 de
926 2528 1018 2560 Resti-

67 2582 185 2615 tutione
203 2582 409 2623 spoliatorum
426 2581 446 2620 ⁵,
463 2581 617 2618 Litteras,
634 2584 664 2613 et
683 2581 787 2620 Extra,
805 2581 843 2613 de
860 2581 1018 2618 Divortiis‚

0 2642 51 2669 aptio
65 2635 174 2667 Porro
183 2646 194 2672 ‚·
218 2634 359 2675 exceptis
383 2634 523 2675 quinque
549 2633 684 2665 casibus.
701 2652 745 2656 —
762 2633 884 2666 Primus
908 2637 971 2673 est,
992 2634 1017 2666 si

3 2674 41 2690 ’Μ’
65 2687 228 2720 obiiciatur
253 2686 377 2719 mulieri
409 2686 536 2728 publica
559 2686 736 2725 fornicatio,
761 2690 791 2719 et
823 2686 899 2719 haec
924 2687 1019 2719 fuerit

66 2740 205 2782 probata,
222 2740 279 2771 nisi
298 2740 364 2781 ipsa
381 2739 517 2781 excipiat
534 2739 565 2771 in
579 2739 771 2772 contrarium
789 2743 897 2772 contra
914 2740 1017 2772 virum

1086 520 1124 552 de
1141 520 1360 561 fornicatione,
1380 523 1488 562 Extra,
1506 523 1545 555 de
1562 524 1709 556 Divortiis
1724 524 1745 563 ⁶,
1764 524 1977 566 Si'qnisz'casti.
1992 544 2035 548 —

1084 573 1246 606 Secundus
1271 584 1362 607 casus
1386 580 1450 614 est,
1473 576 1496 608 si
1523 576 1688 609 obiiciatur
1712 578 1965 619 consanguinitas
1991 578 2033 610 di·
2051 583 2156 605 Secunda·

1086 625 1157 656 vina
1186 626 1253 667 lege
1280 627 1455 668 prohibita,
1481 629 1515 660 in
1540 629 1717 661 continenti
1739 630 1918 671 probanda3
1952 630 2037 663 diffe-

1086 678 1183 709 renda
1207 683 1253 710 est
1278 681 1449 719 restitutio,
1474 691 1529 713 nec
1552 682 1644 714 debet
1668 683 1813 724 compelli
1839 692 1894 724 per
1916 686 2036 715 senten-

1084 729 1176 768 tiam⁷
1201 740 1239 763 ne
1264 731 1342 764 forte
1370 734 1636 774 superinducatur
1661 735 1862 777 perplexitas.
1896 736 1925 767 Si
1960 745 2034 768 vero

1084 780 1273 823 differatur,
1290 788 1412 825 oportet
1429 785 1495 817 fieri
1514 787 1740 819 restitutionem
1760 798 1815 829 per
1833 789 2033 827 sententiam,

1084 834 1137 866 sed
1162 839 1265 867 tamen
1284 846 1343 868 non
1362 842 1483 878 oportet
1506 839 1645 871 debitum
1666 841 1815 880 reddere,
1834 842 1857 873 si
1884 842 1978 873 babet
1995 842 2034 874 de

1084 888 1351 928 consanguinitate
1376 891 1605 930 conscientiam,
1632 893 1742 931 Extra,
1768 893 1806 925 de
1832 894 2034 926 Restitutione

1085 940 1290 981 spoliatorum
1306 941 1326 979 ⁷,
1352 941 1502 974 Litteras.
1520 962 1562 966 —
1579 944 1702 976 Tertius
1718 954 1809 977 casus
1829 949 1893 985 est,
1911 946 1935 978 si
1960 947 2034 978 obii·
2048 953 2127 974 Tertia-

1084 992 1185 1025 ciatur
1209 994 1353 1035 exceptio
1378 994 1421 1027 rei
1441 995 1608 1034 iudicatae,
1625 1006 1643 1027 a
1667 1007 1729 1038 qua
1754 1008 1813 1030 non
1838 1003 1884 1031 est
1901 999 2036 1040 appella-

1085 1049 1170 1083 tum;
1202 1050 1424 1087 argumentum
1466 1048 1504 1080 de
1537 1048 1644 1081 Officio
1677 1050 1808 1091 delegati
1828 1051 1849 1089 ⁸,
1887 1051 2033 1083 Causam

1084 1098 1303 1130 matrimonii.
1320 1119 1364 1122 —
1380 1100 1518 1141 Quartus
1542 1110 1634 1133 casus
1659 1105 1721 1141 est,
1739 1104 1864 1144 quainlo
1890 1108 1973 1136 tanta
1990 1107 2036 1136 est
2050 1111 2136 1138 Quarta-

1084 1152 1214 1183 saevitia
1240 1152 1315 1191 viri,
1340 1153 1422 1194 quod
1446 1163 1506 1185 non
1532 1157 1634 1195 potest
1651 1154 1808 1188 suflicieus
1833 1157 1934 1188 cautio
1951 1157 2037 1189 adhi-

1085 1204 1166 1243 beri,
1192 1208 1299 1246 utpote
1316 1206 1390 1247 quia
1414 1207 1615 1248 persequitur
1640 1217 1772 1239 uxorem
1799 1209 1869 1240 odio
1897 1210 2035 1251 capitali,

1086 1258 1194 1295 Extra,
1213 1258 1252 1290 de
1270 1259 1473 1291 Restitutioue
1497 1259 1719 1300 spoliatorum,
1744 1261 1885 1293 Litteras
1910 1263 1938 1293 iu
1965 1262 2034 1295 fine.

1085 1329 1124 1332 ——
1139 1310 1273 1351 Quintus
1298 1320 1390 1343 casus
1414 1315 1477 1350 est,
1502 1312 1628 1353 quando
1655 1312 1705 1344 ille
1729 1313 1781 1354 qui
1800 1314 1875 1355 agit,
1899 1314 2033 1346 alterum
2051 1318 2136 1344 Quinta·

1084 1363 1229 1404 spoliavit
1253 1363 1319 1395 sine
1347 1372 1459 1402 causa;
1484 1364 1610 1402 dicitur,
1635 1366 1718 1406 quod
1745 1375 1804 1397 non
1835 1366 1927 1399 (lebet
1951 1367 2037 1399 resti-

1084 1416 1147 1454 tui,
1165 1416 1264 1448 Causa
1282 1416 1442 1457 trigesima
1466 1417 1620 1455 secunda,
1643 1419 1823 1459 quaestione
1849 1419 1966 1460 prima,
1991 1419 2037 1451 De

1083 1468 1299 1506 Benedicto⁹;
1323 1472 1459 1501 attamen
1484 1469 1563 1501 illud
1588 1475 1713 1502 nonest
1738 1480 1964 1512 usquequaque
1990 1480 2038 1504 ve-

1083 1530 1174 1560 rum,
1199 1522 1272 1563 quia
1300 1525 1384 1560 tunc,
1409 1523 1535 1563 quando
1565 1523 1632 1554 vult
1657 1523 1776 1561 redire,
1801 1527 1831 1555 et
1862 1524 1941 1556 alter
1976 1534 2037 1556 nou

1084 1573 1168 1612 vult,
1194 1574 1217 1606 si
1244 1575 1416 1606 nonhabet
1440 1575 1524 1617 quod
1549 1575 1674 1607 obiiciat
1701 1576 1874 1614 manifeste,
1898 1586 1937 1608 ex
1964 1581 2037 1609 tunc

1084 1626 1191 1668 incipit
1215 1627 1359 1669 spoliare.

1490 1734 1566 1766 Due.
1592 1734 1625 1765 ll.

1171 1840 1245 1872 Item
1272 1840 1436 1881 quaeritur
1460 1840 1499 1872 de
1523 1841 1582 1872 hoc
1607 1840 1690 1882 quod
1717 1841 1811 1873 dicit:
1838 1840 1876 1873 Si
1902 1841 1967 1872 cluo
1991 1840 2040 1872 vel

1084 1896 1148 1925 tres
1173 1893 1496 1935 consanyuinitateni
1528 1897 1585 1926 etc.
1618 1894 1749 1926 Videtur
1781 1894 1864 1926 enim
1890 1894 1970 1927 male
1995 1894 2037 1926 di-

1083 1955 1172 1985 cere,
1197 1946 1271 1988 quia
1292 1955 1445 1988 personae
1462 1947 1657 1989 propinquae
1674 1951 1747 1979 sunt
1765 1951 1944 1989 suspectae:
1963 1957 2037 1989 ergo

1084 2008 1145 2031 nou
1177 1999 1292 2031 debent
1326 1999 1420 2041 recipi
1450 2000 1490 2031 ad
1516 2000 1757 2032 testificandum.
1788 2019 1828 2023 ——
1857 2000 1947 2032 quta
1979 2000 2037 2032 hoc
2052 2008 2160 2036 Quaestio.

1083 2052 1264 2092 quaeritur:
1283 2052 1335 2093 qui
1356 2055 1486 2093 possunt
1512 2052 1747 2084 matrimonium
1773 2055 1948 2085 accusare?

1175 2104 1372 2136 Respounsso:
1398 2105 1570 2137 Dicendum
1584 2131 1591 2144 ,
1608 2105 1691 2147 quod
1717 2105 1890 2144 accusatiO,
1908 2108 2037 2146 propter

1083 2166 1177 2199 quam
1204 2157 1317 2189 debeat
1342 2158 1407 2190 fieri
1427 2158 1617 2197 divortium,
1635 2162 1689 2190 aut
1706 2163 1752 2190 est
1769 2159 1807 2190 de
1821 2163 1965 2200 peccam,
1982 2161 2038 2190 aut
2052 2166 2172 2188 Distineuo.

1084 2210 1123 2242 de
1148 2210 1450 2252 consanguinitatis
1474 2211 1614 2243 vinculo.
1640 2212 1668 2243 Si
1695 2216 1741 2243 est
1765 2212 1803 2243 de
1825 2215 1957 2252 peccato
1978 2211 2037 2243 for·
2050 2219 2083 2241 De
2103 2219 2122 2240 1.
2137 2225 2195 2241 casu.

1084 2263 1263 2302 nicationis,
1290 2267 1363 2295 tunc
1388 2263 1444 2295 soli
1470 2264 1618 2305 coniuges
1644 2269 1774 2305 possunt
1798 2273 1830 2296 se
1857 2268 1966 2296 mutuo
1990 2273 2037 2296 ac-

1083 2325 1195 2348 cusare
1209 2316 1238 2335 ¹⁰·
1253 2335 1296 2339 —
1314 2317 1365 2348 alii
1392 2326 1467 2348 vero
1493 2326 1551 2348 uon
1570 2317 1790 2355 admittuntur,
1816 2317 1889 2359 quia
1907 2321 1980 2349 tunc
2002 2316 2036 2348 fit

1084 2369 1201 2400 iniuria
1212 2369 1279 2401 viro
1296 2388 1339 2392 —
1356 2373 1386 2401 et
1403 2373 1533 2411 possunt
1547 2370 1639 2401 simul
1657 2374 1740 2402 stare
1757 2370 1822 2402 sine
1841 2373 1974 2411 peccato.
1992 2388 2036 2392 —

1084 2422 1112 2453 Si
1137 2426 1242 2454 autem
1269 2422 1303 2454 tit
1327 2423 1484 2455 accusatio
1509 2423 1547 2455 de
1571 2422 1871 2464 consanyuinitatis
1887 2422 2034 2459 uinculo,
2050 2430 2081 2451 De
2100 2431 2120 2451 Ξ.
2136 2436 2194 2451 casu.

1085 2479 1158 2507 tunc
1183 2475 1285 2516 primo
1309 2476 1430 2508 admitti
1456 2476 1570 2508 debent
1594 2475 1829 2516 consanguinei,
1848 2475 1871 2507 si
1890 2479 1962 2507 sunt
1987 2483 2035 2506 su-

1083 2529 1245 2569 perstites,
1272 2529 1410 2561 maxime
1434 2538 1504 2560 cum
1531 2532 1577 2560 est
1600 2528 1756 2560 accusatio
1781 2528 1819 2559 dc
1837 2527 2034 2559 matrImonio

1084 2581 1299 2619 dissolvendo,
1317 2581 1390 2623 quia
1418 2591 1475 2613 nou
1503 2582 1725 2622 praesumitur,
1744 2581 1827 2622 quod
1845 2581 1901 2621 ipsi
1922 2580 2034 2618 velint,

1083 2638 1114 2666 et
1135 2638 1321 2675 praeterea,
1342 2634 1452 2666 melius
1477 2635 1580 2677 sciunt
1605 2634 1816 2675 genealogiam
1841 2642 1935 2675 quam
1961 2633 2034 2670 alii;

1084 2691 1114 2719 et
1136 2688 1206 2719 ideo
1231 2687 1406 2729 specialiter
1432 2687 1461 2719 iu
1487 2687 1544 2719 hac
1568 2696 1663 2719 causa
1683 2687 1893 2718 admittuntur
1909 2695 2035 2718 consan-

1085 2741 1232 2781 guineifl.
1258 2741 1372 2772 Tamen
1398 2740 1422 2771 si
1448 2740 1487 2772 sit
1510 2740 1650 2781 quaestio
1675 2739 1713 2771 de
1742 2739 1940 2771 matrimonio
1965 2747 2091 2770 Gon-Alii
2107 2753 2174 2768 casus.

139 2940 145 2955 ¹
167 2940 230 2965 Edd.
251 2939 388 2965 iustitiam.

137 2984 148 3000 ²
168 2984 193 3009 lu
213 2984 239 3010 C.
260 2984 453 3010 Discretionem
473 2984 519 3017 (6.)
539 2988 564 3010 et
583 2984 609 3010 C.
630 2985 762 3011 Ion-danae
781 2985 860 3017 (tt),
882 2986 914 3010 X.
934 2985 966 3010 de
987 2986 1021 3010 Eo

70 3028 113 3060 qui
133 3029 255 3060 coguovit
274 3031 321 3053 etc.
342 3028 396 3060 (lib.
417 3029 457 3053 lV.
478 3029 513 3054 tit.
536 3029 586 3060 ta.)
608 3036 656 3054 nec
669 3036 719 3054 uon
739 3030 763 3054 iu
777 3028 804 3054 C.
821 3028 926 3060 Quanto
942 3030 965 3054 te
977 3035 1021 3054 no-

69 3070 156 3097 vimus
175 3072 236 3105 (7.),
257 3072 291 3097 X.
313 3072 345 3097 de
359 3073 480 3098 Divortiis
493 3072 547 3104 (lib.
562 3073 604 3098 lV.
620 3073 655 3098 tit.
675 3073 722 3105 19.)
738 3073 843 3104 dicitur,
859 3073 930 3105 quod
944 3079 1021 3097 nemo

70 3122 117 3141 suo
135 3117 190 3141 iure
210 3115 303 3141 debeat
322 3117 376 3141 siue
395 3124 442 3141 sua
461 3117 537 3148 culpa
556 3117 662 3148 privari.

140 3159 150 3175 ³
169 3159 219 3185 Csr.
239 3167 318 3191 supra
338 3160 362 3185 d.
384 3160 424 3185 27.
446 3160 508 3185 dub.
531 3160 553 3185 4.

140 3203 150 3219 ⁴
170 3204 235 3229 Vide
254 3203 281 3228 C.
301 3203 343 3230 Ad
361 3203 486 3230 ultimum
505 3203 552 3237 (2.)
572 3212 658 3237 seqq,
682 3205 713 3229 X.
734 3204 766 3229 de
785 3203 868 3229 Causa
883 3204 1021 3234 possessio-

71 3247 110 3272 nis
127 3250 176 3272 etc.
199 3248 251 3277 (lib.
273 3248 299 3273 ll.
321 3249 355 3273 tit.
377 3249 438 3281 112).

140 3290 151 3307 5
170 3291 238 3316 Libr.
252 3292 278 3316 ll.
293 3292 327 3317 tit.
343 3292 382 3316 113.
397 3299 419 3317 e.
436 3293 477 3317 l3.
490 3292 592 3324 ——Seq.
608 3292 679 3317 locus
693 3294 730 3316 est
744 3290 786 3315 lib.
802 3290 842 3315 lV.
857 3291 892 3315 tit.
912 3291 948 3315 19.
960 3297 981 3315 c.
996 3290 1019 3315 3.

140 3334 151 3351 ⁶
170 3335 238 3361 Libr.
259 3336 299 3361 tv.
320 3337 354 3361 tit.
376 3336 416 3361 19.
437 3343 460 3361 c.
484 3336 507 3360 4.

141 3378 152 3394 ⁷
171 3378 239 3404 Libr.
261 3379 285 3404 ll.
306 3381 340 3405 tit.
362 3380 403 3405 113.
423 3387 445 3405 c.
466 3380 506 3405 43.

1154 2940 1165 2957 ⁸
1184 2941 1284 2965 Plenius
1313 2941 1345 2965 de
1371 2940 1460 2965 Officio
1488 2943 1513 2964 ct
1542 2942 1666 2970 potestate
1691 2939 1783 2963 iudicis
1809 2938 1917 2970 delegati
1937 2938 1992 2970 (lib.
2020 2939 2034 2963 l.

1087 2986 1121 3010 tit.
1143 2985 1210 3017 29),
1231 2992 1251 3009 c.
1278 2985 1314 3009 16.
1334 2998 1368 3001 —
1388 2984 1423 3008 Dc
1443 2991 1496 3015 seq.
1517 2984 1572 3008 loco
1592 2983 1636 3007 cfr.
1657 2987 1713 3008 nota
1735 2983 1901 3014 praecedens.

1156 3028 1166 3044 ⁹
1186 3028 1246 3053 Can.
1267 3028 1290 3053 5.
1312 3042 1346 3045 —
1366 3028 1471 3052 iuferius
1486 3034 1533 3058 pro
1547 3026 1609 3059 qaia
1625 3027 1688 3052 tunc
1700 3026 1759 3051 edd.
1774 3026 1820 3052 sed
1833 3027 1903 3052 timo.
1918 3040 1952 3044 -
1966 3026 2035 3051 ldem

1087 3072 1148 3097 dub.
1169 3072 1278 3096 solvitur
1297 3078 1310 3096 a
1332 3072 1356 3096 S.
1377 3071 1486 3101 Ί“110111.,
1508 3071 1548 3095 hic
1567 3071 1632 3094 circa
1654 3071 1688 3095 lit.

1158 3115 1178 3131 ¹⁰
1198 3115 1247 3140 Csr.
1262 3115 1350 3139 Glossa
1363 3115 1386 3139 in
1401 3114 1480 3139 verba
1495 3115 1606 3138 Gratim.
1617 3113 1643 3139 C.
1656 3113 1734 3146 Apud
1746 3113 1945 3139 misericordem
1958 3114 2034 3146 (lO.),

1085 3159 1112 3184 C.
1133 3160 1173 3184 32.
1194 3167 1218 3191 q.
1244 3160 1262 3183 l.
1282 3159 1297 3190 2}
1323 3159 1340 3183 l.
1361 3161 1386 3183 et
1405 3159 1430 3182 ⁴1.
1451 3157 1558 3183 Maritis
1577 3157 1640 3190 (4.),
1661 3158 1692 3182 X.
1714 3158 1745 3182 de
1759 3157 1896 3182 Adulteriis
1908 3162 1933 3183 et
1945 3163 2035 3189 stupro

1086 3203 1140 3233 (lib.
1162 3203 1192 3227 V.
1213 3203 1247 3227 tit.
1273 3203 1330 3233 te).
1350 3216 1383 3219 —
1404 3202 1458 3226 Mox
1489 3209 1535 3232 pro
1564 3203 1627 3227 bunc
1656 3202 1682 3233 [i.
1703 3209 1724 3226 e.
1745 3200 1820 3234 alias]
1838 3201 1869 3235 fit
1887 3201 1962 3226 codd.
1983 3202 2035 3226 GR

1086 3248 1148 3272 tanc
1166 3246 1247 3280 fieret,
1271 3249 1294 3270 et
1313 3245 1402 3270 verbis
1431 3247 1454 3271 et
1481 3247 1593 3278 possunt
1619 3246 1675 3271 cod.
1697 3246 1717 3270 li
1740 3246 1756 3277 (l
1777 3253 1790 3270 a
1811 3246 1924 3271 secunda
1945 3247 2034 3278 manu)

1086 3291 1212 3316 interserit
1230 3297 1291 3315 non.

1158 3334 1177 3350 Η
1196 3333 1245 3359 Clr.
1267 3335 1307 3359 1110
1327 3334 1361 3359 lit.
1384 3335 1508 3365 Magistri,
1529 3342 1550 3359 c.
1572 3334 1594 3366 4,
1615 3338 1639 3360 et
1658 3334 1684 3359 C.
1703 3334 1812 3361 Videtur
1830 3334 1905 3360 nobis
1926 3335 1986 3367 (3.),
2002 3335 2033 3360 X.

1085 3379 1132 3410 Qui
1153 3378 1345 3403 matrimonium
1365 3385 1487 3403 accusare
1506 3381 1614 3409 possunt
1634 3382 1680 3403 etc.
1702 3378 1757 3410 (lib.
1778 3379 1819 3404 lV.
1840 3380 1874 3403 tit.
1899 3379 1962 3410 ta),
1989 3378 2034 3404 ubi
